
   <record> 
    <header>
      <identifier>oai:cat.libraries.psu.edu:1815832</identifier> 
      <datestamp>2022-12-16</datestamp>
      <setSpec>SERIAL</setSpec> 
    </header>
    <metadata>
      <record xmlns="http://www.loc.gov/MARC21/slim" xsi:schemaLocation="http://www.loc.gov/MARC21/slim http://www.loc.gov/standards/marcxml/schema/MARC21slim.xsd" type="Bibliographic">
         <leader>     nam  22     8a 4500</leader>
         <controlfield tag="008">930224c19929999dcuuu         0    0eng d</controlfield>
            <datafield tag="035" ind1=" " ind2=" ">
               <subfield code="a">LIAS1674819</subfield>
            </datafield>
            <datafield tag="035" ind1=" " ind2=" ">
               <subfield code="a">(OCoLC)26101690</subfield>
            </datafield>
            <datafield tag="245" ind1="0" ind2="4">
               <subfield code="a">The TRI connection: reach out PA! /</subfield>
               <subfield code="c">United States Environmental Protection Agency, Region 3.</subfield>
            </datafield>
            <datafield tag="246" ind1="1" ind2="7">
               <subfield code="a">TRI connection newsletter</subfield>
            </datafield>
            <datafield tag="264" ind1=" " ind2="1">
               <subfield code="a">Washington, D.C. :</subfield>
               <subfield code="b">EPA,</subfield>
               <subfield code="c">1992-</subfield>
            </datafield>
            <datafield tag="300" ind1=" " ind2=" ">
               <subfield code="a">volumes ;</subfield>
               <subfield code="c">28 cm</subfield>
            </datafield>
            <datafield tag="362" ind1="0" ind2=" ">
               <subfield code="a">Vol. 1, no. 1 (May/June 1992) -</subfield>
            </datafield>
            <datafield tag="500" ind1=" " ind2=" ">
               <subfield code="a">Title from caption.</subfield>
            </datafield>
            <datafield tag="500" ind1=" " ind2=" ">
               <subfield code="a">&quot;A newsletter to promote awareness of the Toxic Release Inventory [Section 313 of the Emergency Planning &amp; Community Right-to-Know-Act] in the Commonwealth of Pennsylvania.</subfield>
            </datafield>
            <datafield tag="650" ind1=" " ind2="0">
               <subfield code="a">Hazardous wastes</subfield>
               <subfield code="z">Pennsylvania</subfield>
               <subfield code="v">Periodicals.</subfield>
            </datafield>
            <datafield tag="650" ind1=" " ind2="0">
               <subfield code="a">Toxicology</subfield>
               <subfield code="z">Pennsylvania</subfield>
               <subfield code="v">Periodicals.</subfield>
            </datafield>
            <datafield tag="650" ind1=" " ind2="0">
               <subfield code="a">Chemicals</subfield>
               <subfield code="z">Pennsylvania</subfield>
               <subfield code="v">Periodicals.</subfield>
            </datafield>
            <datafield tag="650" ind1=" " ind2="0">
               <subfield code="a">Hazardous substances</subfield>
               <subfield code="z">Pennsylvania</subfield>
               <subfield code="v">Periodicals.</subfield>
            </datafield>
            <datafield tag="710" ind1="1" ind2=" ">
               <subfield code="a">United States.</subfield>
               <subfield code="b">Environmental Protection Agency.</subfield>
               <subfield code="b">Region III.</subfield>
            </datafield>
            <datafield tag="999" ind1=" " ind2=" ">
               <subfield code="a">EP 5.18/3 x:</subfield>
               <subfield code="w">SUDOC</subfield>
               <subfield code="c">1</subfield>
               <subfield code="i">1815832-1001</subfield>
               <subfield code="d">11/22/2000</subfield>
               <subfield code="l">DOC-US</subfield>
               <subfield code="m">UP-PAT</subfield>
               <subfield code="r">Y</subfield>
               <subfield code="s">Y</subfield>
               <subfield code="t">SERIAL</subfield>
               <subfield code="u">4/13/2001</subfield>
            </datafield>
      </record>
    </metadata>
  </record>