
   <record> 
    <header>
      <identifier>oai:cat.libraries.psu.edu:1815834</identifier> 
      <datestamp>2022-12-16</datestamp>
      <setSpec>BOOK</setSpec> 
    </header>
    <metadata>
      <record xmlns="http://www.loc.gov/MARC21/slim" xsi:schemaLocation="http://www.loc.gov/MARC21/slim http://www.loc.gov/standards/marcxml/schema/MARC21slim.xsd" type="Bibliographic">
         <leader>     nam  22     8a 4500</leader>
         <controlfield tag="008">981207t19981998xxu      b    000 0 eng d</controlfield>
            <datafield tag="010" ind1=" " ind2=" ">
               <subfield code="a">   98016905</subfield>
            </datafield>
            <datafield tag="020" ind1=" " ind2=" ">
               <subfield code="a">3540641084 (hardcover : alk. paper)</subfield>
            </datafield>
            <datafield tag="035" ind1=" " ind2=" ">
               <subfield code="a">LIAS2244902</subfield>
            </datafield>
            <datafield tag="035" ind1=" " ind2=" ">
               <subfield code="a">(OCoLC)38856202</subfield>
            </datafield>
            <datafield tag="050" ind1="0" ind2="0">
               <subfield code="a">QC765</subfield>
               <subfield code="b">.H83 1998</subfield>
            </datafield>
            <datafield tag="100" ind1="1" ind2=" ">
               <subfield code="a">Hubert, Alex,</subfield>
               <subfield code="d">1938-</subfield>
            </datafield>
            <datafield tag="245" ind1="1" ind2="0">
               <subfield code="a">Magnetic domains :</subfield>
               <subfield code="b">the analysis of magnetic microstructures /</subfield>
               <subfield code="c">Alex Hubert, Rudolf Schäfer.</subfield>
            </datafield>
            <datafield tag="264" ind1=" " ind2="1">
               <subfield code="a">Berlin ;</subfield>
               <subfield code="a">New York :</subfield>
               <subfield code="b">Springer,</subfield>
               <subfield code="c">[1998]</subfield>
            </datafield>
            <datafield tag="264" ind1=" " ind2="4">
               <subfield code="c">©1998</subfield>
            </datafield>
            <datafield tag="300" ind1=" " ind2=" ">
               <subfield code="a">xxiii, 696 pages :</subfield>
               <subfield code="b">illustrations (some color) ;</subfield>
               <subfield code="c">24 cm</subfield>
            </datafield>
            <datafield tag="504" ind1=" " ind2=" ">
               <subfield code="a">Includes bibliographical references and indexes.</subfield>
            </datafield>
            <datafield tag="650" ind1=" " ind2="0">
               <subfield code="a">Magnetic materials.</subfield>
            </datafield>
            <datafield tag="650" ind1=" " ind2="0">
               <subfield code="a">Domain structure.</subfield>
            </datafield>
            <datafield tag="700" ind1="1" ind2=" ">
               <subfield code="a">Schäfer, Rudolf.</subfield>
            </datafield>
            <datafield tag="999" ind1=" " ind2=" ">
               <subfield code="a">QC765.H83 1998</subfield>
               <subfield code="w">LC</subfield>
               <subfield code="c">1</subfield>
               <subfield code="i">000033489926</subfield>
               <subfield code="d">1/11/2021</subfield>
               <subfield code="e">5/9/2018</subfield>
               <subfield code="l">STACKS-PM</subfield>
               <subfield code="m">UP-PAMS</subfield>
               <subfield code="n">67</subfield>
               <subfield code="r">Y</subfield>
               <subfield code="s">Y</subfield>
               <subfield code="t">BOOK</subfield>
               <subfield code="u">4/13/2001</subfield>
            </datafield>
      </record>
    </metadata>
  </record>