
   <record> 
    <header>
      <identifier>oai:cat.libraries.psu.edu:1815835</identifier> 
      <datestamp>2022-12-16</datestamp>
      <setSpec>BOOK</setSpec> 
    </header>
    <metadata>
      <record xmlns="http://www.loc.gov/MARC21/slim" xsi:schemaLocation="http://www.loc.gov/MARC21/slim http://www.loc.gov/standards/marcxml/schema/MARC21slim.xsd" type="Bibliographic">
         <leader>     nam  22      a 4500</leader>
         <controlfield tag="008">970306s1996    xxu      b    000 0 eng d</controlfield>
            <datafield tag="010" ind1=" " ind2=" ">
               <subfield code="a">   96012578</subfield>
            </datafield>
            <datafield tag="020" ind1=" " ind2=" ">
               <subfield code="a">0815513925</subfield>
            </datafield>
            <datafield tag="035" ind1=" " ind2=" ">
               <subfield code="a">LIAS1987405</subfield>
            </datafield>
            <datafield tag="035" ind1=" " ind2=" ">
               <subfield code="a">(OCoLC)34411352</subfield>
            </datafield>
            <datafield tag="050" ind1="0" ind2="0">
               <subfield code="a">TN693.T7</subfield>
               <subfield code="b">P54 1996</subfield>
            </datafield>
            <datafield tag="100" ind1="1" ind2=" ">
               <subfield code="a">Pierson, Hugh O.</subfield>
            </datafield>
            <datafield tag="245" ind1="1" ind2="0">
               <subfield code="a">Handbook of refractory carbides and nitrides :</subfield>
               <subfield code="b">properties, characteristics, processing, and applications /</subfield>
               <subfield code="c">by Hugh O. Pierson.</subfield>
            </datafield>
            <datafield tag="264" ind1=" " ind2="1">
               <subfield code="a">Park Ridge, N.J. :</subfield>
               <subfield code="b">Noyes Publications,</subfield>
               <subfield code="c">1996.</subfield>
            </datafield>
            <datafield tag="300" ind1=" " ind2=" ">
               <subfield code="a">xxii, 340 pages :</subfield>
               <subfield code="b">illustrations ;</subfield>
               <subfield code="c">25 cm</subfield>
            </datafield>
            <datafield tag="504" ind1=" " ind2=" ">
               <subfield code="a">Includes bibliographical references and index.</subfield>
            </datafield>
            <datafield tag="650" ind1=" " ind2="0">
               <subfield code="a">Refractory transition metal compounds</subfield>
               <subfield code="x">Metallography.</subfield>
            </datafield>
            <datafield tag="650" ind1=" " ind2="0">
               <subfield code="a">Carbides.</subfield>
            </datafield>
            <datafield tag="650" ind1=" " ind2="0">
               <subfield code="a">Nitrides.</subfield>
            </datafield>
            <datafield tag="999" ind1=" " ind2=" ">
               <subfield code="a">TN693.T7P54 1996</subfield>
               <subfield code="w">LC</subfield>
               <subfield code="c">1</subfield>
               <subfield code="i">000026667102</subfield>
               <subfield code="d">8/25/2021</subfield>
               <subfield code="e">12/9/2019</subfield>
               <subfield code="f">6/5/2017</subfield>
               <subfield code="g">1</subfield>
               <subfield code="l">STACKS-EM</subfield>
               <subfield code="m">UP-EMS</subfield>
               <subfield code="n">43</subfield>
               <subfield code="q">3</subfield>
               <subfield code="r">Y</subfield>
               <subfield code="s">Y</subfield>
               <subfield code="t">BOOK</subfield>
               <subfield code="u">4/13/2001</subfield>
            </datafield>
      </record>
    </metadata>
  </record>