
   <record> 
    <header>
      <identifier>oai:cat.libraries.psu.edu:1815837</identifier> 
      <datestamp>2022-12-16</datestamp>
      <setSpec>BOOK</setSpec> 
    </header>
    <metadata>
      <record xmlns="http://www.loc.gov/MARC21/slim" xsi:schemaLocation="http://www.loc.gov/MARC21/slim http://www.loc.gov/standards/marcxml/schema/MARC21slim.xsd" type="Bibliographic">
         <leader>     nam  22      a 4500</leader>
         <controlfield tag="008">950919t19911991xx acef       000 0 ita d</controlfield>
            <datafield tag="020" ind1=" " ind2=" ">
               <subfield code="a">8877431105</subfield>
            </datafield>
            <datafield tag="035" ind1=" " ind2=" ">
               <subfield code="a">LIAS1830461</subfield>
            </datafield>
            <datafield tag="035" ind1=" " ind2=" ">
               <subfield code="a">(OCoLC)31338197</subfield>
            </datafield>
            <datafield tag="245" ind1="0" ind2="2">
               <subfield code="a">L'Augusta ducale basilica dell'evangelista San Marco nell'inclita dominante di Venezia :</subfield>
               <subfield code="b">colle notizie del suo innalzamento, sua architettura, musaici, reliquire, e preziosità che in essa si contengono : arricchite di alcune annotazioni, e adornati di varie tavole in rame dissegnate da celebre architetto ed incise da perito artefice.</subfield>
            </datafield>
            <datafield tag="264" ind1=" " ind2="1">
               <subfield code="a">Venezia :</subfield>
               <subfield code="b">Arsenale,</subfield>
               <subfield code="c">[1991]</subfield>
            </datafield>
            <datafield tag="264" ind1=" " ind2="4">
               <subfield code="c">©1991</subfield>
            </datafield>
            <datafield tag="300" ind1=" " ind2=" ">
               <subfield code="a">104 pages :</subfield>
               <subfield code="b">illustrations, plans, 1 portrait ;</subfield>
               <subfield code="c">49 cm</subfield>
            </datafield>
            <datafield tag="500" ind1=" " ind2=" ">
               <subfield code="a">Reprint. Originally published: Venezia : Presso Antonio Zalta, 1761.</subfield>
            </datafield>
            <datafield tag="500" ind1=" " ind2=" ">
               <subfield code="a">Accompanied by pamphlet with same title, &quot;a cura di Susy Marcon e Marino Zorzi&quot; (14 p. ; 34 cm.).</subfield>
            </datafield>
            <datafield tag="610" ind1="2" ind2="0">
               <subfield code="a">Basilica di San Marco (Venice, Italy)</subfield>
            </datafield>
            <datafield tag="651" ind1=" " ind2="0">
               <subfield code="a">Venice (Italy)</subfield>
               <subfield code="x">Buildings, structures, etc.</subfield>
               <subfield code="v">Early works to 1800.</subfield>
            </datafield>
            <datafield tag="700" ind1="1" ind2=" ">
               <subfield code="a">Zatta, Antonio,</subfield>
               <subfield code="d">active 1757-1797.</subfield>
            </datafield>
            <datafield tag="700" ind1="1" ind2=" ">
               <subfield code="a">Marcon, Susy.</subfield>
            </datafield>
            <datafield tag="700" ind1="1" ind2=" ">
               <subfield code="a">Zorzi, Marino.</subfield>
            </datafield>
            <datafield tag="999" ind1=" " ind2=" ">
               <subfield code="a">NA5621.V5A94 1991 F</subfield>
               <subfield code="w">LC</subfield>
               <subfield code="c">1</subfield>
               <subfield code="i">000024103923</subfield>
               <subfield code="d">2/28/2013</subfield>
               <subfield code="e">1/25/2013</subfield>
               <subfield code="l">PATTEE-W2F</subfield>
               <subfield code="m">UP-PAT</subfield>
               <subfield code="n">1</subfield>
               <subfield code="r">Y</subfield>
               <subfield code="s">Y</subfield>
               <subfield code="t">BOOK</subfield>
               <subfield code="u">4/13/2001</subfield>
            </datafield>
      </record>
    </metadata>
  </record>