
   <record> 
    <header>
      <identifier>oai:cat.libraries.psu.edu:18158387</identifier> 
      <datestamp>2022-12-16</datestamp>
      <setSpec>BOOK</setSpec> 
    </header>
    <metadata>
      <record xmlns="http://www.loc.gov/MARC21/slim" xsi:schemaLocation="http://www.loc.gov/MARC21/slim http://www.loc.gov/standards/marcxml/schema/MARC21slim.xsd" type="Bibliographic">
         <leader>     ccm  22     Ii 4500</leader>
         <controlfield tag="008">990813s1780    gw af         000 f ger c</controlfield>
            <datafield tag="035" ind1=" " ind2=" ">
               <subfield code="a">(OCoLC)42079886</subfield>
            </datafield>
            <datafield tag="050" ind1="1" ind2="4">
               <subfield code="a">PT2362.H65</subfield>
               <subfield code="b">M47 1780</subfield>
            </datafield>
            <datafield tag="100" ind1="0" ind2=" ">
               <subfield code="a">Holston,</subfield>
               <subfield code="e">author.</subfield>
               <subfield code="0">http://id.loc.gov/authorities/names/n86832780</subfield>
            </datafield>
            <datafield tag="245" ind1="1" ind2="0">
               <subfield code="a">Merkwürdige Begebenheiten einiger deutschen Frauenzimmer :</subfield>
               <subfield code="b">welche auf Reisen, sowohl zu Lande als zu Wasser durch Verheyrathungen sehr reich und glücklich worden, und durch Ankauf ansehnlicher Güter sich in Niedersachsen niedergelassen /</subfield>
               <subfield code="c">aus eigener Erfahrung niedergeschrieben von Holston und Augusta.</subfield>
            </datafield>
            <datafield tag="264" ind1=" " ind2="1">
               <subfield code="a">Frankfurt und Leipzig :</subfield>
               <subfield code="b">[publisher not identified],</subfield>
               <subfield code="c">1780.</subfield>
            </datafield>
            <datafield tag="300" ind1=" " ind2=" ">
               <subfield code="a">2 unnumbered pages, 300 pages, 1 unnumbered leaf of plates :</subfield>
               <subfield code="b">1 illustration ;</subfield>
               <subfield code="c">18 cm</subfield>
            </datafield>
            <datafield tag="500" ind1=" " ind2=" ">
               <subfield code="a">Signatures: pi1 A-S⁸ T⁶.</subfield>
            </datafield>
            <datafield tag="500" ind1=" " ind2=" ">
               <subfield code="a">Title in red and black.</subfield>
            </datafield>
            <datafield tag="500" ind1=" " ind2=" ">
               <subfield code="a">Engraved frontispiece.</subfield>
            </datafield>
            <datafield tag="510" ind1="4" ind2=" ">
               <subfield code="a">Blackwell, J. &quot;An island of her own.&quot;  In The German quarterly,</subfield>
               <subfield code="c">pages 5-26</subfield>
            </datafield>
            <datafield tag="520" ind1=" " ind2=" ">
               <subfield code="a">A German Robinsonade with a female heroine.</subfield>
            </datafield>
            <datafield tag="650" ind1=" " ind2="0">
               <subfield code="a">Robinsonades</subfield>
               <subfield code="v">Early works to 1800.</subfield>
            </datafield>
            <datafield tag="655" ind1=" " ind2="7">
               <subfield code="a">Robinsonades.</subfield>
               <subfield code="2">lcgft</subfield>
               <subfield code="0">http://id.loc.gov/authorities/genreForms/gf2014026514</subfield>
            </datafield>
            <datafield tag="655" ind1=" " ind2="7">
               <subfield code="a">Imaginary voyages</subfield>
               <subfield code="z">Germany</subfield>
               <subfield code="y">18th century.</subfield>
               <subfield code="2">rbgenr</subfield>
            </datafield>
            <datafield tag="655" ind1=" " ind2="7">
               <subfield code="a">Robinsonades.</subfield>
               <subfield code="2">fast</subfield>
               <subfield code="0">(OCoLC)fst01726487</subfield>
            </datafield>
            <datafield tag="700" ind1="0" ind2=" ">
               <subfield code="a">Augusta,</subfield>
               <subfield code="e">author.</subfield>
               <subfield code="0">http://id.loc.gov/authorities/names/n86832782</subfield>
            </datafield>
            <datafield tag="999" ind1=" " ind2=" ">
               <subfield code="a">PT2362.H65M47 1780</subfield>
               <subfield code="w">LC</subfield>
               <subfield code="c">1</subfield>
               <subfield code="i">000081959365</subfield>
               <subfield code="l">ALLISON-SH</subfield>
               <subfield code="m">UP-SPECCOL</subfield>
               <subfield code="r">Y</subfield>
               <subfield code="s">Y</subfield>
               <subfield code="t">BOOK</subfield>
               <subfield code="u">8/8/2016</subfield>
            </datafield>
      </record>
    </metadata>
  </record>