
   <record> 
    <header>
      <identifier>oai:cat.libraries.psu.edu:18158388</identifier> 
      <datestamp>2022-12-16</datestamp>
      <setSpec>SCORE</setSpec> 
    </header>
    <metadata>
      <record xmlns="http://www.loc.gov/MARC21/slim" xsi:schemaLocation="http://www.loc.gov/MARC21/slim http://www.loc.gov/standards/marcxml/schema/MARC21slim.xsd" type="Bibliographic">
         <leader>     cam  22     Ia 4500</leader>
         <controlfield tag="008">160224s2016    sw   l         n    zxx d</controlfield>
            <datafield tag="035" ind1=" " ind2=" ">
               <subfield code="a">(OCoLC)944959709</subfield>
            </datafield>
            <datafield tag="100" ind1="1" ind2=" ">
               <subfield code="a">Lundin, Dag,</subfield>
               <subfield code="e">composer.</subfield>
            </datafield>
            <datafield tag="245" ind1="1" ind2="0">
               <subfield code="a">Konsertmusik :</subfield>
               <subfield code="b">för flöjt, marimba och stråkar : 2016 /</subfield>
               <subfield code="c">Dag Lundin.</subfield>
            </datafield>
            <datafield tag="250" ind1=" " ind2=" ">
               <subfield code="a">Partitur.</subfield>
            </datafield>
            <datafield tag="264" ind1=" " ind2="1">
               <subfield code="a">Stockholm, Sweden :</subfield>
               <subfield code="b">Edition Suecia,</subfield>
               <subfield code="c">2016.</subfield>
            </datafield>
            <datafield tag="300" ind1=" " ind2=" ">
               <subfield code="a">1 score (36 pages) ;</subfield>
               <subfield code="c">35 cm</subfield>
            </datafield>
            <datafield tag="382" ind1="0" ind2="1">
               <subfield code="b">flute</subfield>
               <subfield code="n">1</subfield>
               <subfield code="b">marimba</subfield>
               <subfield code="n">1</subfield>
               <subfield code="a">string orchestra</subfield>
               <subfield code="e">1</subfield>
               <subfield code="2">lcmpt</subfield>
            </datafield>
            <datafield tag="500" ind1=" " ind2=" ">
               <subfield code="a">For flute and marimba with string orchestra.</subfield>
            </datafield>
            <datafield tag="500" ind1=" " ind2=" ">
               <subfield code="a">Reproduced from holograph.</subfield>
            </datafield>
            <datafield tag="500" ind1=" " ind2=" ">
               <subfield code="a">At foot of score on page 36: Dag Lundin, Februari 2016.</subfield>
            </datafield>
            <datafield tag="505" ind1="0" ind2=" ">
               <subfield code="a">Marsch-toccata -- Notturno -- Scherzo -- Rondino.</subfield>
            </datafield>
            <datafield tag="600" ind1="1" ind2="0">
               <subfield code="a">Lundin, Dag</subfield>
               <subfield code="v">Manuscripts</subfield>
               <subfield code="v">Facsimiles.</subfield>
            </datafield>
            <datafield tag="650" ind1=" " ind2="0">
               <subfield code="a">Flute and marimba with string orchestra</subfield>
               <subfield code="v">Scores.</subfield>
            </datafield>
            <datafield tag="650" ind1=" " ind2="0">
               <subfield code="a">Music</subfield>
               <subfield code="v">Manuscripts</subfield>
               <subfield code="v">Facsimiles.</subfield>
            </datafield>
            <datafield tag="999" ind1=" " ind2=" ">
               <subfield code="a">M1140.L85K65 2016 Q</subfield>
               <subfield code="w">LC</subfield>
               <subfield code="c">1</subfield>
               <subfield code="i">000078881310</subfield>
               <subfield code="d">9/9/2016</subfield>
               <subfield code="e">8/9/2016</subfield>
               <subfield code="l">PATTEE-1A</subfield>
               <subfield code="m">UP-PAT</subfield>
               <subfield code="r">Y</subfield>
               <subfield code="s">Y</subfield>
               <subfield code="t">SCORE</subfield>
               <subfield code="u">8/8/2016</subfield>
            </datafield>
      </record>
    </metadata>
  </record>