
   <record> 
    <header>
      <identifier>oai:cat.libraries.psu.edu:1815839</identifier> 
      <datestamp>2022-12-16</datestamp>
      <setSpec>BOOKFLOAT</setSpec> 
    </header>
    <metadata>
      <record xmlns="http://www.loc.gov/MARC21/slim" xsi:schemaLocation="http://www.loc.gov/MARC21/slim http://www.loc.gov/standards/marcxml/schema/MARC21slim.xsd" type="Bibliographic">
         <leader>     cam  22     Ia 4500</leader>
         <controlfield tag="008">970306t19951995xxua     b    000 0aeng d</controlfield>
            <datafield tag="010" ind1=" " ind2=" ">
               <subfield code="a">   95041457</subfield>
            </datafield>
            <datafield tag="020" ind1=" " ind2=" ">
               <subfield code="a">0964188732</subfield>
            </datafield>
            <datafield tag="035" ind1=" " ind2=" ">
               <subfield code="a">LIAS1987406</subfield>
            </datafield>
            <datafield tag="035" ind1=" " ind2=" ">
               <subfield code="a">(OCoLC)33162176</subfield>
            </datafield>
            <datafield tag="050" ind1="0" ind2="0">
               <subfield code="a">PR5841.W8</subfield>
               <subfield code="b">Z476 1995</subfield>
            </datafield>
            <datafield tag="100" ind1="1" ind2=" ">
               <subfield code="a">Wollstonecraft, Mary,</subfield>
               <subfield code="d">1759-1797.</subfield>
            </datafield>
            <datafield tag="240" ind1="1" ind2="0">
               <subfield code="a">Works.</subfield>
               <subfield code="k">Selections.</subfield>
               <subfield code="f">1995</subfield>
            </datafield>
            <datafield tag="245" ind1="1" ind2="0">
               <subfield code="a">Ahead of her time :</subfield>
               <subfield code="b">a sampler of the life and thought of Mary Wollstonecraft /</subfield>
               <subfield code="c">selected and arranged by Ella Mazel.</subfield>
            </datafield>
            <datafield tag="264" ind1=" " ind2="1">
               <subfield code="a">Larchmont, N.Y. :</subfield>
               <subfield code="b">Bernel Books,</subfield>
               <subfield code="c">[1995]</subfield>
            </datafield>
            <datafield tag="264" ind1=" " ind2="2">
               <subfield code="a">New York :</subfield>
               <subfield code="b">Distributed by Brunner/Mazel.</subfield>
            </datafield>
            <datafield tag="264" ind1=" " ind2="4">
               <subfield code="c">©1995</subfield>
            </datafield>
            <datafield tag="300" ind1=" " ind2=" ">
               <subfield code="a">xiv, 117 pages :</subfield>
               <subfield code="b">1 illustration ;</subfield>
               <subfield code="c">18 cm</subfield>
            </datafield>
            <datafield tag="500" ind1=" " ind2=" ">
               <subfield code="a">&quot;Being excerpts from her letters and writings on women's rights; the rights of man; the French Revolution; education; moral values; the slavery of marriage; social justice; wealth and poverty; the evils of power and property; the venality of politicians; and her own account of her struggle for independence; her unconventional life; her ill-fated liaison with Gilbert Imlay; and her finding happiness at last with William Godwin before her early death following the birth of her daughter Mary, the future author of Frankenstein.&quot;</subfield>
            </datafield>
            <datafield tag="504" ind1=" " ind2=" ">
               <subfield code="a">Includes bibliographical references (pages 114-117).</subfield>
            </datafield>
            <datafield tag="600" ind1="1" ind2="0">
               <subfield code="a">Wollstonecraft, Mary,</subfield>
               <subfield code="d">1759-1797.</subfield>
            </datafield>
            <datafield tag="650" ind1=" " ind2="0">
               <subfield code="a">Women authors, English</subfield>
               <subfield code="y">18th century</subfield>
               <subfield code="v">Biography.</subfield>
            </datafield>
            <datafield tag="650" ind1=" " ind2="0">
               <subfield code="a">Feminists</subfield>
               <subfield code="z">Great Britain</subfield>
               <subfield code="v">Biography.</subfield>
            </datafield>
            <datafield tag="650" ind1=" " ind2="0">
               <subfield code="a">Social problems.</subfield>
            </datafield>
            <datafield tag="650" ind1=" " ind2="0">
               <subfield code="a">Women's rights.</subfield>
            </datafield>
            <datafield tag="650" ind1=" " ind2="0">
               <subfield code="a">Feminism.</subfield>
            </datafield>
            <datafield tag="700" ind1="1" ind2=" ">
               <subfield code="a">Mazel, Ella.</subfield>
            </datafield>
            <datafield tag="999" ind1=" " ind2=" ">
               <subfield code="a">PR5841.W8Z476 1995</subfield>
               <subfield code="w">LC</subfield>
               <subfield code="c">1</subfield>
               <subfield code="i">000031365864</subfield>
               <subfield code="d">10/8/2001</subfield>
               <subfield code="e">7/25/2001</subfield>
               <subfield code="l">STACKS-WS</subfield>
               <subfield code="m">WSCRANTON</subfield>
               <subfield code="n">1</subfield>
               <subfield code="r">Y</subfield>
               <subfield code="s">Y</subfield>
               <subfield code="t">BOOKFLOAT</subfield>
               <subfield code="u">4/13/2001</subfield>
            </datafield>
      </record>
    </metadata>
  </record>