
   <record> 
    <header>
      <identifier>oai:cat.libraries.psu.edu:18158390</identifier> 
      <datestamp>2022-12-16</datestamp>
      <setSpec>BOOK</setSpec> 
    </header>
    <metadata>
      <record xmlns="http://www.loc.gov/MARC21/slim" xsi:schemaLocation="http://www.loc.gov/MARC21/slim http://www.loc.gov/standards/marcxml/schema/MARC21slim.xsd" type="Bibliographic">
         <leader>     cam  22     Ii 4500</leader>
         <controlfield tag="008">750728s1907    fr f     b    000 0 fre d</controlfield>
            <datafield tag="010" ind1=" " ind2=" ">
               <subfield code="a">   56053152</subfield>
            </datafield>
            <datafield tag="035" ind1=" " ind2=" ">
               <subfield code="a">(OCoLC)1484673</subfield>
            </datafield>
            <datafield tag="050" ind1=" " ind2="4">
               <subfield code="a">ND3399</subfield>
               <subfield code="b">.L5</subfield>
            </datafield>
            <datafield tag="082" ind1="0" ind2="4">
               <subfield code="a">096.1</subfield>
            </datafield>
            <datafield tag="245" ind1="0" ind2="0">
               <subfield code="a">Livre des merveilles :</subfield>
               <subfield code="b">Marco Polo, Odoric de Pordenone, Mandeville, Hayton, etc. /</subfield>
               <subfield code="c">reproduction des 265 miniatures du manuscrit français 2810 de la Bibliothèque nationale.</subfield>
            </datafield>
            <datafield tag="264" ind1=" " ind2="1">
               <subfield code="a">Paris :</subfield>
               <subfield code="b">Imprimerie Berthaud frères,</subfield>
               <subfield code="c">[1907]</subfield>
            </datafield>
            <datafield tag="300" ind1=" " ind2=" ">
               <subfield code="a">2 volumes :</subfield>
               <subfield code="b">chiefly plates ;</subfield>
               <subfield code="c">21 cm</subfield>
            </datafield>
            <datafield tag="500" ind1=" " ind2=" ">
               <subfield code="a">In portfolio.</subfield>
            </datafield>
            <datafield tag="500" ind1=" " ind2=" ">
               <subfield code="a">At head of title: Bibliothèque nationale. Département des manuscrits.</subfield>
            </datafield>
            <datafield tag="504" ind1=" " ind2=" ">
               <subfield code="a">Includes bibliographical references.</subfield>
            </datafield>
            <datafield tag="505" ind1="0" ind2=" ">
               <subfield code="a">Tome I. plates 1-120. -- Tome II. plates 121-265.</subfield>
            </datafield>
            <datafield tag="650" ind1=" " ind2="0">
               <subfield code="a">Miniature painting</subfield>
               <subfield code="x">Reproduction.</subfield>
               <subfield code="0">http://id.loc.gov/authorities/subjects/sh85085671</subfield>
            </datafield>
            <datafield tag="650" ind1=" " ind2="7">
               <subfield code="a">Miniature painting</subfield>
               <subfield code="x">Reproduction.</subfield>
               <subfield code="2">fast</subfield>
               <subfield code="0">(OCoLC)fst01022733</subfield>
            </datafield>
            <datafield tag="710" ind1="2" ind2=" ">
               <subfield code="a">Bibliothèque nationale de France.</subfield>
               <subfield code="b">Département des manuscrits</subfield>
               <subfield code="e">issuing body.</subfield>
               <subfield code="0">http://id.loc.gov/authorities/names/nr00025149</subfield>
            </datafield>
            <datafield tag="730" ind1="0" ind2=" ">
               <subfield code="a">Livre des marveilles du monde.</subfield>
               <subfield code="0">http://id.loc.gov/authorities/names/nr89017341</subfield>
            </datafield>
            <datafield tag="999" ind1=" " ind2=" ">
               <subfield code="a">ND3399.L5 1907 tome 1</subfield>
               <subfield code="w">LC</subfield>
               <subfield code="c">1</subfield>
               <subfield code="i">000078890893</subfield>
               <subfield code="l">RARE-BOOK</subfield>
               <subfield code="m">UP-SPECCOL</subfield>
               <subfield code="r">Y</subfield>
               <subfield code="s">Y</subfield>
               <subfield code="t">BOOK</subfield>
               <subfield code="u">8/8/2016</subfield>
            </datafield>
            <datafield tag="999" ind1=" " ind2=" ">
               <subfield code="a">ND3399.L5 1907 tome 2</subfield>
               <subfield code="w">LC</subfield>
               <subfield code="c">1</subfield>
               <subfield code="i">000078890909</subfield>
               <subfield code="l">RARE-BOOK</subfield>
               <subfield code="m">UP-SPECCOL</subfield>
               <subfield code="r">Y</subfield>
               <subfield code="s">Y</subfield>
               <subfield code="t">BOOK</subfield>
               <subfield code="u">11/9/2016</subfield>
            </datafield>
      </record>
    </metadata>
  </record>