
   <record> 
    <header>
      <identifier>oai:cat.libraries.psu.edu:18158391</identifier> 
      <datestamp>2022-12-16</datestamp>
      <setSpec>BOOKFLOAT</setSpec> 
    </header>
    <metadata>
      <record xmlns="http://www.loc.gov/MARC21/slim" xsi:schemaLocation="http://www.loc.gov/MARC21/slim http://www.loc.gov/standards/marcxml/schema/MARC21slim.xsd" type="Bibliographic">
         <leader>     ccm  22     Ii 4500</leader>
         <controlfield tag="008">150520s2014    utu      b    001 0 eng d</controlfield>
            <datafield tag="020" ind1=" " ind2=" ">
               <subfield code="a">9780989291262</subfield>
               <subfield code="q">(paperback)</subfield>
            </datafield>
            <datafield tag="020" ind1=" " ind2=" ">
               <subfield code="a">098929126X</subfield>
               <subfield code="q">(paperback)</subfield>
            </datafield>
            <datafield tag="035" ind1=" " ind2=" ">
               <subfield code="a">(OCoLC)909624060</subfield>
            </datafield>
            <datafield tag="050" ind1=" " ind2="4">
               <subfield code="a">JK1726</subfield>
               <subfield code="b">.B69 2014</subfield>
            </datafield>
            <datafield tag="082" ind1="0" ind2="4">
               <subfield code="a">306.20973</subfield>
               <subfield code="2">23</subfield>
            </datafield>
            <datafield tag="100" ind1="1" ind2=" ">
               <subfield code="a">Boyack, Connor,</subfield>
               <subfield code="e">author.</subfield>
               <subfield code="0">http://id.loc.gov/authorities/names/no2011130632</subfield>
            </datafield>
            <datafield tag="245" ind1="1" ind2="0">
               <subfield code="a">Feardom :</subfield>
               <subfield code="b">how politicians exploit your emotions and what you can do to stop them /</subfield>
               <subfield code="c">Connor Boyack.</subfield>
            </datafield>
            <datafield tag="250" ind1=" " ind2=" ">
               <subfield code="a">First edition.</subfield>
            </datafield>
            <datafield tag="264" ind1=" " ind2="1">
               <subfield code="a">Lehi, Utah :</subfield>
               <subfield code="b">Libertas Press,</subfield>
               <subfield code="c">2014.</subfield>
            </datafield>
            <datafield tag="300" ind1=" " ind2=" ">
               <subfield code="a">143 pages ;</subfield>
               <subfield code="c">23 cm</subfield>
            </datafield>
            <datafield tag="504" ind1=" " ind2=" ">
               <subfield code="a">Includes bibliographical references and index.</subfield>
            </datafield>
            <datafield tag="505" ind1="0" ind2=" ">
               <subfield code="a">What is fear? -- Fear and ignorance -- The calm of despotism -- The tempestuous sea of liberty.</subfield>
            </datafield>
            <datafield tag="520" ind1=" " ind2=" ">
               <subfield code="a">&quot;What do history's most notorious despots have in common with many of the flag-waving, patriotic politicians of our day? Both groups rise to power through the exploitation of fear. Sometimes the fear derives from a pre-existing threat. At other times, crises are created or intensified to invoke a sense of panic and anxiety where none previously existed. This pattern is as predictable as it is destructive. The end result is the same: a loss of liberty. Policies that are costly, oppressive, and harmful are supported by people who abandon any interest in freedom or personal responsibility in hopes of feeling safe. Manufactured fear, with its negative impact on liberty, is a societal plague. There have been widespread casualties. We need an antidote. Feardom offers its readers a much-needed immunization&quot;--Back cover.</subfield>
            </datafield>
            <datafield tag="650" ind1=" " ind2="0">
               <subfield code="a">Political culture</subfield>
               <subfield code="z">United States.</subfield>
               <subfield code="0">http://id.loc.gov/authorities/subjects/sh2008108984</subfield>
            </datafield>
            <datafield tag="650" ind1=" " ind2="0">
               <subfield code="a">Political psychology</subfield>
               <subfield code="z">United States.</subfield>
            </datafield>
            <datafield tag="650" ind1=" " ind2="0">
               <subfield code="a">Fear</subfield>
               <subfield code="x">Political aspects</subfield>
               <subfield code="z">United States.</subfield>
            </datafield>
            <datafield tag="650" ind1=" " ind2="7">
               <subfield code="a">Fear</subfield>
               <subfield code="x">Political aspects.</subfield>
               <subfield code="2">fast</subfield>
               <subfield code="0">(OCoLC)fst00922038</subfield>
            </datafield>
            <datafield tag="650" ind1=" " ind2="7">
               <subfield code="a">Political culture.</subfield>
               <subfield code="2">fast</subfield>
               <subfield code="0">(OCoLC)fst01069263</subfield>
            </datafield>
            <datafield tag="650" ind1=" " ind2="7">
               <subfield code="a">Political psychology.</subfield>
               <subfield code="2">fast</subfield>
               <subfield code="0">(OCoLC)fst01069667</subfield>
            </datafield>
            <datafield tag="651" ind1=" " ind2="0">
               <subfield code="a">United States</subfield>
               <subfield code="x">Politics and government</subfield>
               <subfield code="x">Psychological aspects.</subfield>
            </datafield>
            <datafield tag="651" ind1=" " ind2="7">
               <subfield code="a">United States.</subfield>
               <subfield code="2">fast</subfield>
               <subfield code="0">(OCoLC)fst01204155</subfield>
            </datafield>
            <datafield tag="999" ind1=" " ind2=" ">
               <subfield code="a">JK1726.B69 2014</subfield>
               <subfield code="w">LC</subfield>
               <subfield code="c">1</subfield>
               <subfield code="i">000078874992</subfield>
               <subfield code="d">1/22/2019</subfield>
               <subfield code="e">11/30/2018</subfield>
               <subfield code="l">STACKS-WB</subfield>
               <subfield code="m">WILKESBAR</subfield>
               <subfield code="n">12</subfield>
               <subfield code="r">Y</subfield>
               <subfield code="s">Y</subfield>
               <subfield code="t">BOOKFLOAT</subfield>
               <subfield code="u">8/8/2016</subfield>
            </datafield>
      </record>
    </metadata>
  </record>