
   <record> 
    <header>
      <identifier>oai:cat.libraries.psu.edu:18158393</identifier> 
      <datestamp>2022-12-16</datestamp>
      <setSpec>SCORE</setSpec> 
    </header>
    <metadata>
      <record xmlns="http://www.loc.gov/MARC21/slim" xsi:schemaLocation="http://www.loc.gov/MARC21/slim http://www.loc.gov/standards/marcxml/schema/MARC21slim.xsd" type="Bibliographic">
         <leader>     cam  22     Ia 4500</leader>
         <controlfield tag="008">121207t20161987mouuuae  e     n    zxx d</controlfield>
            <datafield tag="035" ind1=" " ind2=" ">
               <subfield code="a">(OCoLC)820786858</subfield>
            </datafield>
            <datafield tag="041" ind1="0" ind2=" ">
               <subfield code="g">eng</subfield>
            </datafield>
            <datafield tag="050" ind1=" " ind2="4">
               <subfield code="a">M452.C858</subfield>
               <subfield code="b">A77 2008</subfield>
            </datafield>
            <datafield tag="100" ind1="1" ind2=" ">
               <subfield code="a">Crockett, Donald,</subfield>
               <subfield code="d">1951-</subfield>
               <subfield code="e">composer.</subfield>
            </datafield>
            <datafield tag="245" ind1="1" ind2="0">
               <subfield code="a">Array :</subfield>
               <subfield code="b">for string quartet, 1987 /</subfield>
               <subfield code="c">Donald Crockett.</subfield>
            </datafield>
            <datafield tag="250" ind1=" " ind2=" ">
               <subfield code="a">Score and parts.</subfield>
            </datafield>
            <datafield tag="264" ind1=" " ind2="1">
               <subfield code="a">Maryland Heights, Mo. :</subfield>
               <subfield code="b">Keiser Classical,</subfield>
               <subfield code="c">[2016]</subfield>
            </datafield>
            <datafield tag="264" ind1=" " ind2="2">
               <subfield code="a">Milwaukee, Wis. :</subfield>
               <subfield code="b">Exclusively distributed by Hal Leonard</subfield>
            </datafield>
            <datafield tag="300" ind1=" " ind2=" ">
               <subfield code="a">1 score (26 pages) ;</subfield>
               <subfield code="c">22 x 36 cm</subfield>
            </datafield>
            <datafield tag="300" ind1=" " ind2=" ">
               <subfield code="a">4 parts ;</subfield>
               <subfield code="c">28 cm</subfield>
            </datafield>
            <datafield tag="500" ind1=" " ind2=" ">
               <subfield code="a">Includes biographical notes in English.</subfield>
            </datafield>
            <datafield tag="500" ind1=" " ind2=" ">
               <subfield code="a">Duration: ca. 18:00.</subfield>
            </datafield>
            <datafield tag="500" ind1=" " ind2=" ">
               <subfield code="a">Copyright originally c1987 by Norruth Music, assigned to Keiser Classical in 2008.</subfield>
            </datafield>
            <datafield tag="500" ind1=" " ind2=" ">
               <subfield code="a">Reproduced from holograph.</subfield>
            </datafield>
            <datafield tag="546" ind1=" " ind2=" ">
               <subfield code="b">staff notation.</subfield>
            </datafield>
            <datafield tag="600" ind1="1" ind2="0">
               <subfield code="a">Crockett, Donald,</subfield>
               <subfield code="d">1951-</subfield>
               <subfield code="v">Manuscripts</subfield>
               <subfield code="v">Facsimiles.</subfield>
            </datafield>
            <datafield tag="600" ind1="1" ind2="7">
               <subfield code="a">Crockett, Donald,</subfield>
               <subfield code="d">1951-</subfield>
               <subfield code="2">fast</subfield>
               <subfield code="0">(OCoLC)fst00131110</subfield>
            </datafield>
            <datafield tag="650" ind1=" " ind2="0">
               <subfield code="a">String quartets</subfield>
               <subfield code="v">Scores and parts.</subfield>
            </datafield>
            <datafield tag="650" ind1=" " ind2="0">
               <subfield code="a">Music</subfield>
               <subfield code="v">Manuscripts</subfield>
               <subfield code="v">Facsimiles.</subfield>
            </datafield>
            <datafield tag="650" ind1=" " ind2="7">
               <subfield code="a">Music.</subfield>
               <subfield code="2">fast</subfield>
               <subfield code="0">(OCoLC)fst01030269</subfield>
            </datafield>
            <datafield tag="650" ind1=" " ind2="7">
               <subfield code="a">String quartets</subfield>
               <subfield code="x">Scores and parts.</subfield>
               <subfield code="2">fast</subfield>
               <subfield code="0">(OCoLC)fst01135320</subfield>
            </datafield>
            <datafield tag="655" ind1=" " ind2="7">
               <subfield code="a">Facsimiles.</subfield>
               <subfield code="2">fast</subfield>
               <subfield code="0">(OCoLC)fst01411642</subfield>
            </datafield>
            <datafield tag="655" ind1=" " ind2="7">
               <subfield code="a">Manuscripts.</subfield>
               <subfield code="2">fast</subfield>
               <subfield code="0">(OCoLC)fst01424060</subfield>
            </datafield>
            <datafield tag="999" ind1=" " ind2=" ">
               <subfield code="a">M452.C87A75 2016</subfield>
               <subfield code="w">LC</subfield>
               <subfield code="c">1</subfield>
               <subfield code="i">000078881402</subfield>
               <subfield code="d">9/11/2016</subfield>
               <subfield code="e">8/9/2016</subfield>
               <subfield code="l">PATTEE-1A</subfield>
               <subfield code="m">UP-PAT</subfield>
               <subfield code="r">Y</subfield>
               <subfield code="s">Y</subfield>
               <subfield code="t">SCORE</subfield>
               <subfield code="u">8/8/2016</subfield>
            </datafield>
      </record>
    </metadata>
  </record>