
   <record> 
    <header>
      <identifier>oai:cat.libraries.psu.edu:18158394</identifier> 
      <datestamp>2022-12-16</datestamp>
      <setSpec>BOOK</setSpec> 
    </header>
    <metadata>
      <record xmlns="http://www.loc.gov/MARC21/slim" xsi:schemaLocation="http://www.loc.gov/MARC21/slim http://www.loc.gov/standards/marcxml/schema/MARC21slim.xsd" type="Bibliographic">
         <leader>     cam  22      i 4500</leader>
         <controlfield tag="008">100406t19691969dcua          000 0 eng d</controlfield>
            <datafield tag="035" ind1=" " ind2=" ">
               <subfield code="a">(OCoLC)601743003</subfield>
            </datafield>
            <datafield tag="050" ind1=" " ind2="4">
               <subfield code="a">TK7872.C65</subfield>
               <subfield code="b">F44 1969</subfield>
            </datafield>
            <datafield tag="245" ind1="0" ind2="0">
               <subfield code="a">Feed-through radio interference capacitors paper, film, and paper/film dielectric.</subfield>
            </datafield>
            <datafield tag="264" ind1=" " ind2="1">
               <subfield code="a">Washington, D.C. :</subfield>
               <subfield code="b">Electronic Industries Assoc., Engineering Dept.,</subfield>
               <subfield code="c">[1969]</subfield>
            </datafield>
            <datafield tag="264" ind1=" " ind2="4">
               <subfield code="c">©1969</subfield>
            </datafield>
            <datafield tag="300" ind1=" " ind2=" ">
               <subfield code="a">17 pages :</subfield>
               <subfield code="b">illustrations ;</subfield>
               <subfield code="c">29 cm.</subfield>
            </datafield>
            <datafield tag="490" ind1="1" ind2=" ">
               <subfield code="a">EIA standard ;</subfield>
               <subfield code="v">EIA RS-361</subfield>
            </datafield>
            <datafield tag="500" ind1=" " ind2=" ">
               <subfield code="a">Cover title.</subfield>
            </datafield>
            <datafield tag="500" ind1=" " ind2=" ">
               <subfield code="a">ANS C83.54-1969, approved August 1, 1969, American National Standards Institute.&quot;</subfield>
            </datafield>
            <datafield tag="500" ind1=" " ind2=" ">
               <subfield code="a">&quot;January 1969.&quot;</subfield>
            </datafield>
            <datafield tag="650" ind1=" " ind2="0">
               <subfield code="a">Capacitors</subfield>
               <subfield code="x">Standards</subfield>
               <subfield code="z">United States.</subfield>
            </datafield>
            <datafield tag="650" ind1=" " ind2="0">
               <subfield code="a">Radio</subfield>
               <subfield code="x">Interference</subfield>
               <subfield code="x">Standards</subfield>
               <subfield code="z">United States.</subfield>
            </datafield>
            <datafield tag="650" ind1=" " ind2="7">
               <subfield code="a">Capacitors</subfield>
               <subfield code="x">Standards.</subfield>
               <subfield code="2">fast</subfield>
               <subfield code="0">(OCoLC)fst00846207</subfield>
            </datafield>
            <datafield tag="650" ind1=" " ind2="7">
               <subfield code="a">Radio</subfield>
               <subfield code="x">Interference</subfield>
               <subfield code="x">Standards.</subfield>
               <subfield code="2">fast</subfield>
               <subfield code="0">(OCoLC)fst01087099</subfield>
            </datafield>
            <datafield tag="651" ind1=" " ind2="7">
               <subfield code="a">United States.</subfield>
               <subfield code="2">fast</subfield>
               <subfield code="0">(OCoLC)fst01204155</subfield>
            </datafield>
            <datafield tag="710" ind1="2" ind2=" ">
               <subfield code="a">Electronic Industries Association.</subfield>
               <subfield code="b">Engineering Department.</subfield>
            </datafield>
            <datafield tag="710" ind1="2" ind2=" ">
               <subfield code="a">American National Standards Institute.</subfield>
            </datafield>
            <datafield tag="830" ind1=" " ind2="0">
               <subfield code="a">EIA standard ;</subfield>
               <subfield code="v">EIA RS-361.</subfield>
            </datafield>
            <datafield tag="999" ind1=" " ind2=" ">
               <subfield code="a">TA368.A6 std.C83.54 1969</subfield>
               <subfield code="w">LC</subfield>
               <subfield code="c">1</subfield>
               <subfield code="i">000078883628</subfield>
               <subfield code="d">9/8/2016</subfield>
               <subfield code="f">9/8/2016</subfield>
               <subfield code="g">1</subfield>
               <subfield code="l">STACKS-EG</subfield>
               <subfield code="m">UP-ENGIN</subfield>
               <subfield code="r">Y</subfield>
               <subfield code="s">Y</subfield>
               <subfield code="t">BOOK</subfield>
               <subfield code="u">8/8/2016</subfield>
            </datafield>
      </record>
    </metadata>
  </record>