
   <record> 
    <header>
      <identifier>oai:cat.libraries.psu.edu:18158395</identifier> 
      <datestamp>2022-12-16</datestamp>
      <setSpec>BOOK</setSpec> 
    </header>
    <metadata>
      <record xmlns="http://www.loc.gov/MARC21/slim" xsi:schemaLocation="http://www.loc.gov/MARC21/slim http://www.loc.gov/standards/marcxml/schema/MARC21slim.xsd" type="Bibliographic">
         <leader>     cam  22      i 4500</leader>
         <controlfield tag="008">150928s2015    mauab    b    000 0 eng  </controlfield>
            <datafield tag="010" ind1=" " ind2=" ">
               <subfield code="a">  2015038082</subfield>
            </datafield>
            <datafield tag="035" ind1=" " ind2=" ">
               <subfield code="a">(OCoLC)922572436</subfield>
            </datafield>
            <datafield tag="050" ind1="0" ind2="0">
               <subfield code="a">F1981.S2</subfield>
               <subfield code="b">F68 2015</subfield>
            </datafield>
            <datafield tag="082" ind1="0" ind2="0">
               <subfield code="a">972.95/1</subfield>
               <subfield code="2">23</subfield>
            </datafield>
            <datafield tag="100" ind1="1" ind2=" ">
               <subfield code="a">Foulds, H. Eliot,</subfield>
               <subfield code="d">1960-</subfield>
               <subfield code="e">author.</subfield>
            </datafield>
            <datafield tag="245" ind1="1" ind2="0">
               <subfield code="a">Cultural landscape report for the San Cristóbal outworks, San Juan National Historic Site, San Juan, Puerto Rico /</subfield>
               <subfield code="c">prepared by Eliot Foulds, Historical Landscape Architect, Alexandra von Bieberstein, Historical Landscape Architect.</subfield>
            </datafield>
            <datafield tag="264" ind1=" " ind2="1">
               <subfield code="a">Boston, Massachusetts :</subfield>
               <subfield code="b">Olmsted Center for Landscape Preservation, National Park Service,</subfield>
               <subfield code="c">2015.</subfield>
            </datafield>
            <datafield tag="300" ind1=" " ind2=" ">
               <subfield code="a">xii, 139 pages :</subfield>
               <subfield code="b">illustrations, maps (some color, some folded) ;</subfield>
               <subfield code="c">28 cm</subfield>
            </datafield>
            <datafield tag="500" ind1=" " ind2=" ">
               <subfield code="a">&quot;Site history, existing conditons, analysis &amp; evaluation, and treatment&quot;--Cover.</subfield>
            </datafield>
            <datafield tag="504" ind1=" " ind2=" ">
               <subfield code="a">Includes bibliographical references (pages 131-139).</subfield>
            </datafield>
            <datafield tag="505" ind1="0" ind2=" ">
               <subfield code="a">Part I. Introduction -- Purpose -- Methodology and format -- Historical overview -- Overview of project findings -- Part II. Site history -- The army's gradual divestment -- San Juan coastal defenses briefly rearmed -- Housing development within outworks -- &quot;New Deal&quot; preservation efforts -- World War II -- Resuming the park question -- Clashing preservation philosophies -- Part III. Existing conditions -- Landscape characteristics and features -- Part IV. Analysis and evaluation -- Summary of significance -- Evaluation of landscape integrity -- Evaluation of landscape characteristics and features -- Part V. Treatment tasks -- Foundation for treatment -- Landscape treatment tasks.</subfield>
            </datafield>
            <datafield tag="650" ind1=" " ind2="0">
               <subfield code="a">Historic buildings</subfield>
               <subfield code="x">Conservation and restoration</subfield>
               <subfield code="z">Puerto Rico</subfield>
               <subfield code="z">San Juan.</subfield>
            </datafield>
            <datafield tag="650" ind1=" " ind2="0">
               <subfield code="a">Military architecture</subfield>
               <subfield code="z">Puerto Rico</subfield>
               <subfield code="z">San Juan.</subfield>
            </datafield>
            <datafield tag="650" ind1=" " ind2="0">
               <subfield code="a">Landscape protection</subfield>
               <subfield code="z">Puerto Rico</subfield>
               <subfield code="z">San Juan.</subfield>
            </datafield>
            <datafield tag="650" ind1=" " ind2="7">
               <subfield code="a">Antiquities.</subfield>
               <subfield code="2">fast</subfield>
               <subfield code="0">(OCoLC)fst00810745</subfield>
            </datafield>
            <datafield tag="650" ind1=" " ind2="7">
               <subfield code="a">Historic buildings</subfield>
               <subfield code="x">Conservation and restoration.</subfield>
               <subfield code="2">fast</subfield>
               <subfield code="0">(OCoLC)fst00957729</subfield>
            </datafield>
            <datafield tag="650" ind1=" " ind2="7">
               <subfield code="a">Landscape protection.</subfield>
               <subfield code="2">fast</subfield>
               <subfield code="0">(OCoLC)fst00992049</subfield>
            </datafield>
            <datafield tag="650" ind1=" " ind2="7">
               <subfield code="a">Management.</subfield>
               <subfield code="2">fast</subfield>
               <subfield code="0">(OCoLC)fst01007141</subfield>
            </datafield>
            <datafield tag="650" ind1=" " ind2="7">
               <subfield code="a">Military architecture.</subfield>
               <subfield code="2">fast</subfield>
               <subfield code="0">(OCoLC)fst01020865</subfield>
            </datafield>
            <datafield tag="651" ind1=" " ind2="0">
               <subfield code="a">San Juan National Historic Site (San Juan, P.R.)</subfield>
               <subfield code="x">Antiquities.</subfield>
            </datafield>
            <datafield tag="651" ind1=" " ind2="0">
               <subfield code="a">San Juan National Historic Site (San Juan, P.R.)</subfield>
               <subfield code="x">Management.</subfield>
            </datafield>
            <datafield tag="651" ind1=" " ind2="0">
               <subfield code="a">San Juan (P.R.)</subfield>
               <subfield code="x">History, Military.</subfield>
            </datafield>
            <datafield tag="651" ind1=" " ind2="7">
               <subfield code="a">Puerto Rico</subfield>
               <subfield code="z">San Juan.</subfield>
               <subfield code="2">fast</subfield>
               <subfield code="0">(OCoLC)fst01214595</subfield>
            </datafield>
            <datafield tag="651" ind1=" " ind2="7">
               <subfield code="a">Puerto Rico</subfield>
               <subfield code="z">San Juan</subfield>
               <subfield code="z">San Juan National Historic Site.</subfield>
               <subfield code="2">fast</subfield>
               <subfield code="0">(OCoLC)fst01316595</subfield>
            </datafield>
            <datafield tag="655" ind1=" " ind2="7">
               <subfield code="a">Military history.</subfield>
               <subfield code="2">fast</subfield>
               <subfield code="0">(OCoLC)fst01411630</subfield>
            </datafield>
            <datafield tag="700" ind1="1" ind2=" ">
               <subfield code="a">Bieberstein, Alexandra von,</subfield>
               <subfield code="e">author.</subfield>
            </datafield>
            <datafield tag="710" ind1="2" ind2=" ">
               <subfield code="a">Olmsted Center for Landscape Preservation (U.S.)</subfield>
            </datafield>
            <datafield tag="999" ind1=" " ind2=" ">
               <subfield code="a">I 29.86/4:SA 5 C</subfield>
               <subfield code="w">SUDOC</subfield>
               <subfield code="c">1</subfield>
               <subfield code="i">000078894068</subfield>
               <subfield code="d">5/10/2018</subfield>
               <subfield code="e">12/16/2017</subfield>
               <subfield code="l">DOC-US</subfield>
               <subfield code="m">UP-PAT</subfield>
               <subfield code="n">2</subfield>
               <subfield code="r">Y</subfield>
               <subfield code="s">Y</subfield>
               <subfield code="t">BOOK</subfield>
               <subfield code="u">8/8/2016</subfield>
            </datafield>
      </record>
    </metadata>
  </record>