
   <record> 
    <header>
      <identifier>oai:cat.libraries.psu.edu:18158396</identifier> 
      <datestamp>2022-12-16</datestamp>
      <setSpec>BOOKFLOAT</setSpec> 
    </header>
    <metadata>
      <record xmlns="http://www.loc.gov/MARC21/slim" xsi:schemaLocation="http://www.loc.gov/MARC21/slim http://www.loc.gov/standards/marcxml/schema/MARC21slim.xsd" type="Bibliographic">
         <leader>     cam  22      i 4500</leader>
         <controlfield tag="008">140527s2015    nyu      b    001 0 eng  </controlfield>
            <datafield tag="010" ind1=" " ind2=" ">
               <subfield code="a">  2014019659</subfield>
            </datafield>
            <datafield tag="020" ind1=" " ind2=" ">
               <subfield code="a">9780521895200</subfield>
               <subfield code="q">(hardback ;</subfield>
               <subfield code="q">alk. paper)</subfield>
            </datafield>
            <datafield tag="020" ind1=" " ind2=" ">
               <subfield code="a">0521895200</subfield>
               <subfield code="q">(hardback ;</subfield>
               <subfield code="q">alk. paper)</subfield>
            </datafield>
            <datafield tag="020" ind1=" " ind2=" ">
               <subfield code="a">9780521719384</subfield>
               <subfield code="q">(pbk. ;</subfield>
               <subfield code="q">alk. paper)</subfield>
            </datafield>
            <datafield tag="020" ind1=" " ind2=" ">
               <subfield code="a">0521719380</subfield>
               <subfield code="q">(pbk. ;</subfield>
               <subfield code="q">alk. paper)</subfield>
            </datafield>
            <datafield tag="035" ind1=" " ind2=" ">
               <subfield code="a">(OCoLC)876680000</subfield>
               <subfield code="z">(OCoLC)903918617</subfield>
               <subfield code="z">(OCoLC)909304155</subfield>
            </datafield>
            <datafield tag="050" ind1="0" ind2="0">
               <subfield code="a">DG533</subfield>
               <subfield code="b">.R84 2015</subfield>
            </datafield>
            <datafield tag="082" ind1="0" ind2="0">
               <subfield code="a">945/.05</subfield>
               <subfield code="2">23</subfield>
            </datafield>
            <datafield tag="100" ind1="1" ind2=" ">
               <subfield code="a">Ruggiero, Guido,</subfield>
               <subfield code="d">1944-</subfield>
            </datafield>
            <datafield tag="245" ind1="1" ind2="4">
               <subfield code="a">The Renaissance in Italy :</subfield>
               <subfield code="b">a social and cultural history of the Rinascimento /</subfield>
               <subfield code="c">Guido Ruggiero, University of Miami.</subfield>
            </datafield>
            <datafield tag="264" ind1=" " ind2="1">
               <subfield code="a">New York :</subfield>
               <subfield code="b">Cambridge University Press,</subfield>
               <subfield code="c">2015.</subfield>
            </datafield>
            <datafield tag="300" ind1=" " ind2=" ">
               <subfield code="a">xvii, 635 pages ;</subfield>
               <subfield code="c">24 cm</subfield>
            </datafield>
            <datafield tag="504" ind1=" " ind2=" ">
               <subfield code="a">Includes bibliographical references (pages 591-600) and index.</subfield>
            </datafield>
            <datafield tag="505" ind1="0" ind2=" ">
               <subfield code="a">Introduction: The end of the world and its rebirth (Rinascita) as the Rinascimento -- Legitimacy: A crisis and a promise (c. 1250 -- c.1340) -- Civiltà: Living and thinking the city (c.1300 -- c.1375) -- Plague: Death, disaster, and the Rinascita of Civiltà (c. 1325- c. 1425) -- Violence: Social conflict and the Italian Hundred Years' war (c. 1350-1454) -- Imagination: The shared primary culture of the Early Rinascimento (c. 1350- c. 1475) -- Courts: Princes, aristocrats, and quiet glory (c. 1425- c. 1500) -- Self: The individual as a work of art (c. 1425- c. 1525) -- Discovery: Finding the old in the new (c. 1450- c.1560) -- Re-Dreams: Virtù, Saving the Rinascimento, and the Satyr in the garden (c. 1500- c.1560) -- Reform: Spiritual enthusiasms, discipline, and a church militant (c. 1500- c. 1575) -- Retreat: The great social divide and the end of the Rinascimento (c. 1525-c.1575) -- Epilogue: The diaspora of the Rinascimento.</subfield>
            </datafield>
            <datafield tag="650" ind1=" " ind2="0">
               <subfield code="a">Renaissance</subfield>
               <subfield code="z">Italy.</subfield>
            </datafield>
            <datafield tag="650" ind1=" " ind2="7">
               <subfield code="a">Civilization.</subfield>
               <subfield code="2">fast</subfield>
               <subfield code="0">(OCoLC)fst00862898</subfield>
            </datafield>
            <datafield tag="650" ind1=" " ind2="7">
               <subfield code="a">Intellectual life.</subfield>
               <subfield code="2">fast</subfield>
               <subfield code="0">(OCoLC)fst00975769</subfield>
            </datafield>
            <datafield tag="650" ind1=" " ind2="7">
               <subfield code="a">Renaissance.</subfield>
               <subfield code="2">fast</subfield>
               <subfield code="0">(OCoLC)fst01094518</subfield>
            </datafield>
            <datafield tag="650" ind1=" " ind2="7">
               <subfield code="a">Social conditions.</subfield>
               <subfield code="2">fast</subfield>
               <subfield code="0">(OCoLC)fst01919811</subfield>
            </datafield>
            <datafield tag="650" ind1="1" ind2="7">
               <subfield code="a">Renaissance.</subfield>
               <subfield code="2">gtt</subfield>
               <subfield code="0">(NL-LeOCL)078649064</subfield>
            </datafield>
            <datafield tag="650" ind1=" " ind2="7">
               <subfield code="a">Renaissance.</subfield>
               <subfield code="0">(DE-588)4049450-0</subfield>
               <subfield code="2">gnd</subfield>
            </datafield>
            <datafield tag="650" ind1=" " ind2="7">
               <subfield code="a">Renässansen.</subfield>
               <subfield code="2">sao</subfield>
            </datafield>
            <datafield tag="650" ind1=" " ind2="7">
               <subfield code="a">Intellektuellt liv</subfield>
               <subfield code="x">historia.</subfield>
               <subfield code="2">sao</subfield>
            </datafield>
            <datafield tag="650" ind1=" " ind2="7">
               <subfield code="a">Sociala förhållanden</subfield>
               <subfield code="x">historia.</subfield>
               <subfield code="2">sao</subfield>
            </datafield>
            <datafield tag="650" ind1=" " ind2="7">
               <subfield code="a">Kulturhistoria.</subfield>
               <subfield code="2">sao</subfield>
            </datafield>
            <datafield tag="651" ind1=" " ind2="0">
               <subfield code="a">Italy</subfield>
               <subfield code="x">Social conditions</subfield>
               <subfield code="y">1268-1559.</subfield>
            </datafield>
            <datafield tag="651" ind1=" " ind2="0">
               <subfield code="a">Italy</subfield>
               <subfield code="x">Civilization</subfield>
               <subfield code="y">1268-1559.</subfield>
            </datafield>
            <datafield tag="651" ind1=" " ind2="0">
               <subfield code="a">Italy</subfield>
               <subfield code="x">Intellectual life</subfield>
               <subfield code="y">1268-1559.</subfield>
            </datafield>
            <datafield tag="651" ind1=" " ind2="4">
               <subfield code="a">Italien.</subfield>
            </datafield>
            <datafield tag="651" ind1=" " ind2="7">
               <subfield code="a">Italy.</subfield>
               <subfield code="2">fast</subfield>
               <subfield code="0">(OCoLC)fst01204565</subfield>
            </datafield>
            <datafield tag="651" ind1=" " ind2="7">
               <subfield code="a">Italië.</subfield>
               <subfield code="2">gtt</subfield>
               <subfield code="0">(NL-LeOCL)078550602</subfield>
            </datafield>
            <datafield tag="651" ind1=" " ind2="7">
               <subfield code="a">Italien.</subfield>
               <subfield code="0">(DE-588)4027833-5</subfield>
               <subfield code="2">gnd</subfield>
            </datafield>
            <datafield tag="999" ind1=" " ind2=" ">
               <subfield code="a">DG533.R84 2015</subfield>
               <subfield code="w">LC</subfield>
               <subfield code="c">1</subfield>
               <subfield code="i">000078834149</subfield>
               <subfield code="d">4/27/2022</subfield>
               <subfield code="e">4/11/2022</subfield>
               <subfield code="l">STACKS-MA</subfield>
               <subfield code="m">MONTALTO</subfield>
               <subfield code="n">5</subfield>
               <subfield code="r">Y</subfield>
               <subfield code="s">Y</subfield>
               <subfield code="t">BOOKFLOAT</subfield>
               <subfield code="u">8/8/2016</subfield>
            </datafield>
      </record>
    </metadata>
  </record>