
   <record> 
    <header>
      <identifier>oai:cat.libraries.psu.edu:18158397</identifier> 
      <datestamp>2022-12-16</datestamp>
      <setSpec>BOOK</setSpec> 
    </header>
    <metadata>
      <record xmlns="http://www.loc.gov/MARC21/slim" xsi:schemaLocation="http://www.loc.gov/MARC21/slim http://www.loc.gov/standards/marcxml/schema/MARC21slim.xsd" type="Bibliographic">
         <leader>     cam  22     Ia 4500</leader>
         <controlfield tag="008">151023t20152015fr a     b   i000 0 eng c</controlfield>
            <datafield tag="020" ind1=" " ind2=" ">
               <subfield code="a">9287181209</subfield>
            </datafield>
            <datafield tag="020" ind1=" " ind2=" ">
               <subfield code="a">9789287181206</subfield>
            </datafield>
            <datafield tag="035" ind1=" " ind2=" ">
               <subfield code="a">(OCoLC)926824999</subfield>
            </datafield>
            <datafield tag="050" ind1=" " ind2="4">
               <subfield code="a">KJC6947</subfield>
               <subfield code="b">.J68 2015</subfield>
            </datafield>
            <datafield tag="245" ind1="0" ind2="0">
               <subfield code="a">Journalism at risk :</subfield>
               <subfield code="b">threats, challenges and perspectives /</subfield>
               <subfield code="c">[editor: Onur Andreotti].</subfield>
            </datafield>
            <datafield tag="264" ind1=" " ind2="1">
               <subfield code="a">Strasbourg :</subfield>
               <subfield code="b">Council of Europe,</subfield>
               <subfield code="c">[2015]</subfield>
            </datafield>
            <datafield tag="264" ind1=" " ind2="4">
               <subfield code="c">© October 2015</subfield>
            </datafield>
            <datafield tag="300" ind1=" " ind2=" ">
               <subfield code="a">266 pages :</subfield>
               <subfield code="b">illustrations ;</subfield>
               <subfield code="c">24 cm</subfield>
            </datafield>
            <datafield tag="500" ind1=" " ind2=" ">
               <subfield code="a">&quot;Defending a favourable environment for public debate.&quot;</subfield>
            </datafield>
            <datafield tag="504" ind1=" " ind2=" ">
               <subfield code="a">Includes bibliographical references (pages 254-259).</subfield>
            </datafield>
            <datafield tag="505" ind1="0" ind2="0">
               <subfield code="t">Note from the editor /</subfield>
               <subfield code="r">Onur Andreotti --</subfield>
               <subfield code="t">Foreword /</subfield>
               <subfield code="r">Nils Muižnieks --</subfield>
               <subfield code="t">Positive obligations concerning freedom of expression: mere potential or real power? /</subfield>
               <subfield code="r">Tarlach McGonagle --</subfield>
               <subfield code="t">The international human rights protection of journalists /</subfield>
               <subfield code="r">Sejal Parmar --</subfield>
               <subfield code="t">Does the remedy jurisprudence of the European Court of Human Rights do enough for media freedom? /</subfield>
               <subfield code="r">Başak Çali --</subfield>
               <subfield code="t">Freedom of journalistic news-gathering, access to information and protection of whistle-blowers under Article 10 ECHR and the standards of the Council of Europe /</subfield>
               <subfield code="r">Dirk Voorhoof --</subfield>
               <subfield code="t">The silencing effect on dissent and freedom of expression in Turkey /</subfield>
               <subfield code="r">Kerem Altiparmak,</subfield>
               <subfield code="r">Yaman Akdeniz --</subfield>
               <subfield code="t">Public-service media in Europe: a quiet paradigm shift? /</subfield>
               <subfield code="r">Katharine Sarikakis --</subfield>
               <subfield code="t">Ethical journalism: an inspiration for responsible communications in Europe /</subfield>
               <subfield code="r">Aidan White --</subfield>
               <subfield code="t">Journalism's dilemmas: Internet challenges for professional journalism and media sustainability /</subfield>
               <subfield code="r">Eugenia Siapera --</subfield>
               <subfield code="t">The Internet or the sudden emergence of the reader: the experience of Rue89 /</subfield>
               <subfield code="r">Pierre Haski.</subfield>
            </datafield>
            <datafield tag="580" ind1=" " ind2=" ">
               <subfield code="a">Also issued in a French edition.</subfield>
            </datafield>
            <datafield tag="650" ind1=" " ind2="0">
               <subfield code="a">Freedom of the press</subfield>
               <subfield code="z">Europe.</subfield>
            </datafield>
            <datafield tag="650" ind1=" " ind2="0">
               <subfield code="a">Journalists</subfield>
               <subfield code="x">Legal status, laws, etc.</subfield>
               <subfield code="z">Europe.</subfield>
            </datafield>
            <datafield tag="650" ind1=" " ind2="0">
               <subfield code="a">Press law</subfield>
               <subfield code="z">Europe.</subfield>
            </datafield>
            <datafield tag="650" ind1=" " ind2="7">
               <subfield code="a">Freedom of the press.</subfield>
               <subfield code="2">fast</subfield>
               <subfield code="0">(OCoLC)fst00934063</subfield>
            </datafield>
            <datafield tag="650" ind1=" " ind2="7">
               <subfield code="a">Journalists</subfield>
               <subfield code="x">Legal status, laws, etc.</subfield>
               <subfield code="2">fast</subfield>
               <subfield code="0">(OCoLC)fst00984212</subfield>
            </datafield>
            <datafield tag="650" ind1=" " ind2="7">
               <subfield code="a">Press law.</subfield>
               <subfield code="2">fast</subfield>
               <subfield code="0">(OCoLC)fst01075880</subfield>
            </datafield>
            <datafield tag="651" ind1=" " ind2="7">
               <subfield code="a">Europe.</subfield>
               <subfield code="2">fast</subfield>
               <subfield code="0">(OCoLC)fst01245064</subfield>
            </datafield>
            <datafield tag="655" ind1=" " ind2="7">
               <subfield code="a">Essays.</subfield>
               <subfield code="2">fast</subfield>
               <subfield code="0">(OCoLC)fst01919922</subfield>
            </datafield>
            <datafield tag="655" ind1=" " ind2="7">
               <subfield code="a">Essays.</subfield>
               <subfield code="2">lcgft</subfield>
            </datafield>
            <datafield tag="700" ind1="1" ind2=" ">
               <subfield code="a">Andreotti, Onur,</subfield>
               <subfield code="e">editor.</subfield>
            </datafield>
            <datafield tag="710" ind1="2" ind2=" ">
               <subfield code="a">Council of Europe</subfield>
               <subfield code="e">issuing body.</subfield>
            </datafield>
            <datafield tag="775" ind1="0" ind2="8">
               <subfield code="t">Journalisme à l'épreuve</subfield>
               <subfield code="z">9789287181503</subfield>
               <subfield code="e">fre</subfield>
            </datafield>
            <datafield tag="999" ind1=" " ind2=" ">
               <subfield code="a">KJC6947.J68 2015</subfield>
               <subfield code="w">LC</subfield>
               <subfield code="c">1</subfield>
               <subfield code="i">000078894075</subfield>
               <subfield code="d">11/17/2022</subfield>
               <subfield code="e">11/17/2022</subfield>
               <subfield code="k">ILL</subfield>
               <subfield code="l">PATERNO-3</subfield>
               <subfield code="m">UP-PAT</subfield>
               <subfield code="n">1</subfield>
               <subfield code="r">M</subfield>
               <subfield code="s">Y</subfield>
               <subfield code="t">BOOK</subfield>
               <subfield code="u">8/8/2016</subfield>
            </datafield>
      </record>
    </metadata>
  </record>