
   <record> 
    <header>
      <identifier>oai:cat.libraries.psu.edu:18158398</identifier> 
      <datestamp>2022-12-16</datestamp>
      <setSpec>BOOK</setSpec> 
    </header>
    <metadata>
      <record xmlns="http://www.loc.gov/MARC21/slim" xsi:schemaLocation="http://www.loc.gov/MARC21/slim http://www.loc.gov/standards/marcxml/schema/MARC21slim.xsd" type="Bibliographic">
         <leader>     cam  22     Ia 4500</leader>
         <controlfield tag="008">100402t19671967dcua          000 0 eng d</controlfield>
            <datafield tag="035" ind1=" " ind2=" ">
               <subfield code="a">(OCoLC)593359867</subfield>
            </datafield>
            <datafield tag="050" ind1=" " ind2="4">
               <subfield code="a">TK7872.C65</subfield>
               <subfield code="b">F59 1967</subfield>
            </datafield>
            <datafield tag="245" ind1="0" ind2="0">
               <subfield code="a">Fixed paper and fixed paper polyester film dielectric capacitors in non-metallic cases for D.C. application.</subfield>
            </datafield>
            <datafield tag="264" ind1=" " ind2="1">
               <subfield code="a">Washington, D.C. :</subfield>
               <subfield code="b">Electronic Industries Assoc., Engineering Dept.,</subfield>
               <subfield code="c">[1967]</subfield>
            </datafield>
            <datafield tag="264" ind1=" " ind2="4">
               <subfield code="c">©1967</subfield>
            </datafield>
            <datafield tag="300" ind1=" " ind2=" ">
               <subfield code="a">34 pages :</subfield>
               <subfield code="b">illustrations ;</subfield>
               <subfield code="c">29 cm.</subfield>
            </datafield>
            <datafield tag="490" ind1="1" ind2=" ">
               <subfield code="a">EIA standard ;</subfield>
               <subfield code="v">EIA RS-164-A</subfield>
            </datafield>
            <datafield tag="500" ind1=" " ind2=" ">
               <subfield code="a">Cover title.</subfield>
            </datafield>
            <datafield tag="500" ind1=" " ind2=" ">
               <subfield code="a">&quot;Revision of RS-164.&quot;</subfield>
            </datafield>
            <datafield tag="500" ind1=" " ind2=" ">
               <subfield code="a">&quot;USAS C83.29-1968, approved July 24, 1968, USA Standards Institute.&quot;</subfield>
            </datafield>
            <datafield tag="500" ind1=" " ind2=" ">
               <subfield code="a">&quot;November 1967.&quot;</subfield>
            </datafield>
            <datafield tag="650" ind1=" " ind2="0">
               <subfield code="a">Capacitors</subfield>
               <subfield code="x">Standards</subfield>
               <subfield code="z">United States.</subfield>
            </datafield>
            <datafield tag="650" ind1=" " ind2="0">
               <subfield code="a">Dielectric amplifiers</subfield>
               <subfield code="x">Standards</subfield>
               <subfield code="z">United States.</subfield>
            </datafield>
            <datafield tag="650" ind1=" " ind2="0">
               <subfield code="a">Electronic equipment enclosures</subfield>
               <subfield code="x">Materials</subfield>
               <subfield code="x">Standards</subfield>
               <subfield code="z">United States.</subfield>
            </datafield>
            <datafield tag="710" ind1="2" ind2=" ">
               <subfield code="a">Electronic Industries Association.</subfield>
               <subfield code="b">Engineering Department.</subfield>
            </datafield>
            <datafield tag="710" ind1="2" ind2=" ">
               <subfield code="a">United States of America Standards Institute.</subfield>
            </datafield>
            <datafield tag="830" ind1=" " ind2="0">
               <subfield code="a">EIA standard ;</subfield>
               <subfield code="v">EIA RS-164-A.</subfield>
            </datafield>
            <datafield tag="999" ind1=" " ind2=" ">
               <subfield code="a">TA368.A6 std.C83.29 1968</subfield>
               <subfield code="w">LC</subfield>
               <subfield code="c">1</subfield>
               <subfield code="i">000078883819</subfield>
               <subfield code="d">9/8/2016</subfield>
               <subfield code="f">9/8/2016</subfield>
               <subfield code="g">1</subfield>
               <subfield code="l">STACKS-EG</subfield>
               <subfield code="m">UP-ENGIN</subfield>
               <subfield code="r">Y</subfield>
               <subfield code="s">Y</subfield>
               <subfield code="t">BOOK</subfield>
               <subfield code="u">8/8/2016</subfield>
            </datafield>
      </record>
    </metadata>
  </record>