
   <record> 
    <header>
      <identifier>oai:cat.libraries.psu.edu:18158400</identifier> 
      <datestamp>2022-12-16</datestamp>
      <setSpec>BOOK</setSpec> 
    </header>
    <metadata>
      <record xmlns="http://www.loc.gov/MARC21/slim" xsi:schemaLocation="http://www.loc.gov/MARC21/slim http://www.loc.gov/standards/marcxml/schema/MARC21slim.xsd" type="Bibliographic">
         <leader>     cam  22     Ia 4500</leader>
         <controlfield tag="008">150824t20152015fr       z    000 0 eng c</controlfield>
            <datafield tag="020" ind1=" " ind2=" ">
               <subfield code="a">9789287180919</subfield>
               <subfield code="q">(paperback)</subfield>
            </datafield>
            <datafield tag="020" ind1=" " ind2=" ">
               <subfield code="a">9287180911</subfield>
               <subfield code="q">(paperback)</subfield>
            </datafield>
            <datafield tag="035" ind1=" " ind2=" ">
               <subfield code="a">(OCoLC)919207843</subfield>
            </datafield>
            <datafield tag="041" ind1="0" ind2=" ">
               <subfield code="a">eng</subfield>
               <subfield code="a">fre</subfield>
            </datafield>
            <datafield tag="050" ind1=" " ind2="4">
               <subfield code="a">KJC6227.5.A42015</subfield>
               <subfield code="b">A2 2015</subfield>
            </datafield>
            <datafield tag="130" ind1="0" ind2=" ">
               <subfield code="a">Council of Europe Convention against Trafficking in Human Organs</subfield>
               <subfield code="d">(2015 March 25)</subfield>
            </datafield>
            <datafield tag="245" ind1="1" ind2="0">
               <subfield code="a">Council of Europe Convention against Trafficking in Human Organs =</subfield>
               <subfield code="b">Convention du Conseil de l'Europe contre le trafic d'organes humains.</subfield>
            </datafield>
            <datafield tag="246" ind1="3" ind2=" ">
               <subfield code="a">Convention du Conseil de l'Europe contre le trafic d'organes humains</subfield>
            </datafield>
            <datafield tag="264" ind1=" " ind2="1">
               <subfield code="a">Strasbourg :</subfield>
               <subfield code="b">Council of Europe Publishing,</subfield>
               <subfield code="c">[2015]</subfield>
            </datafield>
            <datafield tag="264" ind1=" " ind2="4">
               <subfield code="c">©2015</subfield>
            </datafield>
            <datafield tag="300" ind1=" " ind2=" ">
               <subfield code="a">15, 15 pages ;</subfield>
               <subfield code="c">30 cm.</subfield>
            </datafield>
            <datafield tag="490" ind1="1" ind2=" ">
               <subfield code="a">Council of Europe treaty series =</subfield>
               <subfield code="a">Série des traités du Conseil de l'Europe ;</subfield>
               <subfield code="v">no. 216</subfield>
            </datafield>
            <datafield tag="500" ind1=" " ind2=" ">
               <subfield code="a">&quot;Santiago de Compostela, 25. III.2015 = Saint-Jacques-de-Compostelle, 25. III.2015.&quot;</subfield>
            </datafield>
            <datafield tag="546" ind1=" " ind2=" ">
               <subfield code="a">English and French on opposite pages numbered separately.</subfield>
            </datafield>
            <datafield tag="650" ind1=" " ind2="0">
               <subfield code="a">Transplantation of organs, tissues, etc.</subfield>
               <subfield code="x">Law and legislation</subfield>
               <subfield code="z">Europe.</subfield>
            </datafield>
            <datafield tag="650" ind1=" " ind2="0">
               <subfield code="a">Organ trafficking</subfield>
               <subfield code="x">Law and legislation</subfield>
               <subfield code="z">Europe.</subfield>
            </datafield>
            <datafield tag="650" ind1=" " ind2="7">
               <subfield code="a">Organ trafficking</subfield>
               <subfield code="x">Law and legislation.</subfield>
               <subfield code="2">fast</subfield>
               <subfield code="0">(OCoLC)fst01909983</subfield>
            </datafield>
            <datafield tag="650" ind1=" " ind2="7">
               <subfield code="a">Transplantation of organs, tissues, etc.</subfield>
               <subfield code="x">Law and legislation.</subfield>
               <subfield code="2">fast</subfield>
               <subfield code="0">(OCoLC)fst01154929</subfield>
            </datafield>
            <datafield tag="651" ind1=" " ind2="7">
               <subfield code="a">Europe.</subfield>
               <subfield code="2">fast</subfield>
               <subfield code="0">(OCoLC)fst01245064</subfield>
            </datafield>
            <datafield tag="655" ind1=" " ind2="7">
               <subfield code="a">Treaties.</subfield>
               <subfield code="2">fast</subfield>
               <subfield code="0">(OCoLC)fst01423868</subfield>
            </datafield>
            <datafield tag="655" ind1=" " ind2="7">
               <subfield code="a">Treaties.</subfield>
               <subfield code="2">lcgft</subfield>
            </datafield>
            <datafield tag="830" ind1=" " ind2="0">
               <subfield code="a">Council of Europe treaty series ;</subfield>
               <subfield code="v">no. 216.</subfield>
            </datafield>
            <datafield tag="999" ind1=" " ind2=" ">
               <subfield code="a">CE 1.4:216</subfield>
               <subfield code="w">SUDOC</subfield>
               <subfield code="c">1</subfield>
               <subfield code="i">000078894082</subfield>
               <subfield code="l">DOC-INTL</subfield>
               <subfield code="m">UP-PAT</subfield>
               <subfield code="r">Y</subfield>
               <subfield code="s">Y</subfield>
               <subfield code="t">BOOK</subfield>
               <subfield code="u">8/8/2016</subfield>
            </datafield>
      </record>
    </metadata>
  </record>