
   <record> 
    <header>
      <identifier>oai:cat.libraries.psu.edu:18158404</identifier> 
      <datestamp>2022-12-16</datestamp>
      <setSpec>BOOKFLOAT</setSpec> 
    </header>
    <metadata>
      <record xmlns="http://www.loc.gov/MARC21/slim" xsi:schemaLocation="http://www.loc.gov/MARC21/slim http://www.loc.gov/standards/marcxml/schema/MARC21slim.xsd" type="Bibliographic">
         <leader>     cam  22     Ii 4500</leader>
         <controlfield tag="008">150511t20162016nyua     b    001 0 eng  </controlfield>
            <datafield tag="010" ind1=" " ind2=" ">
               <subfield code="a">  2015017546</subfield>
            </datafield>
            <datafield tag="020" ind1=" " ind2=" ">
               <subfield code="a">9780190269029</subfield>
               <subfield code="q">(pbk. :</subfield>
               <subfield code="q">alk. paper)</subfield>
            </datafield>
            <datafield tag="020" ind1=" " ind2=" ">
               <subfield code="a">0190269022</subfield>
               <subfield code="q">(pbk. :</subfield>
               <subfield code="q">alk. paper)</subfield>
            </datafield>
            <datafield tag="035" ind1=" " ind2=" ">
               <subfield code="a">(OCoLC)933788534</subfield>
            </datafield>
            <datafield tag="050" ind1="0" ind2="0">
               <subfield code="a">GN345.5</subfield>
               <subfield code="b">.D87 2016</subfield>
            </datafield>
            <datafield tag="082" ind1="0" ind2="0">
               <subfield code="a">301.01</subfield>
               <subfield code="2">23</subfield>
            </datafield>
            <datafield tag="100" ind1="1" ind2=" ">
               <subfield code="a">Durrenberger, E. Paul,</subfield>
               <subfield code="d">1943-</subfield>
               <subfield code="e">author.</subfield>
            </datafield>
            <datafield tag="245" ind1="1" ind2="0">
               <subfield code="a">Anthropology unbound :</subfield>
               <subfield code="b">a field guide to the twenty-first century /</subfield>
               <subfield code="c">E. Paul Durrenberger and Suzan Erem.</subfield>
            </datafield>
            <datafield tag="250" ind1=" " ind2=" ">
               <subfield code="a">Third edition.</subfield>
            </datafield>
            <datafield tag="264" ind1=" " ind2="1">
               <subfield code="a">New York :</subfield>
               <subfield code="b">Oxford University Press,</subfield>
               <subfield code="c">[2016]</subfield>
            </datafield>
            <datafield tag="264" ind1=" " ind2="4">
               <subfield code="c">©2016</subfield>
            </datafield>
            <datafield tag="300" ind1=" " ind2=" ">
               <subfield code="a">xxiii, 298 pages :</subfield>
               <subfield code="b">illustrations ;</subfield>
               <subfield code="c">24 cm</subfield>
            </datafield>
            <datafield tag="504" ind1=" " ind2=" ">
               <subfield code="a">Includes bibliographical references (pages 287-290) and index.</subfield>
            </datafield>
            <datafield tag="505" ind1="0" ind2=" ">
               <subfield code="a">Introduction, or how to read this book -- Science basics -- Human variation: race and gender -- From inside and out -- Ecological systems -- An anthropological approach to economics -- Political systems -- Stratification without a state: medieval Iceland -- How states work -- The anthropology of religion -- Political economy -- Class -- Back to the land -- Global processes, local systems -- Connecting the people to the system -- Anthropology goes to work -- The end is near.</subfield>
            </datafield>
            <datafield tag="520" ind1=" " ind2=" ">
               <subfield code="a">&quot;Anthropology Unbound: A Field Guide to the 21st Century, Third Edition, demonstrates how viewing the world through an anthropological lens enhances our understanding of current topics like globalization, the new economy, jobs and careers, world trade, the condition of inner cities, and racial and ethnic relations. It makes anthropology accessible and even fun, with examples from &quot;driving the porcelain bus&quot; as an illustration of negative utility to reading the tags on a classmate's shirt as a way to discuss why it was made in another country. Brief, accessible, and affordable, this updated edition offers a new user-friendly layout that includes fresh photos and multiple sidebars introducing new voices from anthropologists in the corporate world, the military, and more. It concludes with multifaceted opportunities for students to put anthropology to work both inside and outside of academia.&quot; -- Publisher's description</subfield>
            </datafield>
            <datafield tag="650" ind1=" " ind2="0">
               <subfield code="a">Cultural relativism.</subfield>
            </datafield>
            <datafield tag="650" ind1=" " ind2="0">
               <subfield code="a">Anthropology</subfield>
               <subfield code="x">Philosophy.</subfield>
            </datafield>
            <datafield tag="650" ind1=" " ind2="0">
               <subfield code="a">State, The.</subfield>
            </datafield>
            <datafield tag="650" ind1=" " ind2="7">
               <subfield code="a">Anthropology</subfield>
               <subfield code="x">Philosophy.</subfield>
               <subfield code="2">fast</subfield>
               <subfield code="0">(OCoLC)fst00810222</subfield>
            </datafield>
            <datafield tag="650" ind1=" " ind2="7">
               <subfield code="a">Cultural relativism.</subfield>
               <subfield code="2">fast</subfield>
               <subfield code="0">(OCoLC)fst00885057</subfield>
            </datafield>
            <datafield tag="650" ind1=" " ind2="7">
               <subfield code="a">State, The.</subfield>
               <subfield code="2">fast</subfield>
               <subfield code="0">(OCoLC)fst01131943</subfield>
            </datafield>
            <datafield tag="650" ind1=" " ind2="7">
               <subfield code="a">Ethnologie.</subfield>
               <subfield code="0">(DE-588)4078931-7</subfield>
               <subfield code="2">gnd</subfield>
            </datafield>
            <datafield tag="700" ind1="1" ind2=" ">
               <subfield code="a">Erem, Suzan,</subfield>
               <subfield code="e">author.</subfield>
            </datafield>
            <datafield tag="999" ind1=" " ind2=" ">
               <subfield code="a">GN345.5.D87 2016</subfield>
               <subfield code="w">LC</subfield>
               <subfield code="c">1</subfield>
               <subfield code="i">000079039949</subfield>
               <subfield code="d">3/29/2021</subfield>
               <subfield code="e">1/22/2021</subfield>
               <subfield code="l">STACKS-BR</subfield>
               <subfield code="m">BEAVER</subfield>
               <subfield code="n">9</subfield>
               <subfield code="r">Y</subfield>
               <subfield code="s">Y</subfield>
               <subfield code="t">BOOKFLOAT</subfield>
               <subfield code="u">8/8/2016</subfield>
               <subfield code="o">.STAFF. GOBI</subfield>
            </datafield>
      </record>
    </metadata>
  </record>