
   <record> 
    <header>
      <identifier>oai:cat.libraries.psu.edu:18158405</identifier> 
      <datestamp>2022-12-16</datestamp>
      <setSpec>BOOKFLOAT</setSpec> 
    </header>
    <metadata>
      <record xmlns="http://www.loc.gov/MARC21/slim" xsi:schemaLocation="http://www.loc.gov/MARC21/slim http://www.loc.gov/standards/marcxml/schema/MARC21slim.xsd" type="Bibliographic">
         <leader>     cam  22      a 4500</leader>
         <controlfield tag="008">150830t20162016nyuab    b    001 0 eng d</controlfield>
            <datafield tag="020" ind1=" " ind2=" ">
               <subfield code="a">9780393912913</subfield>
               <subfield code="q">(pbk.)</subfield>
            </datafield>
            <datafield tag="020" ind1=" " ind2=" ">
               <subfield code="a">0393912914</subfield>
               <subfield code="q">(pbk.)</subfield>
            </datafield>
            <datafield tag="035" ind1=" " ind2=" ">
               <subfield code="a">(OCoLC)919483840</subfield>
            </datafield>
            <datafield tag="050" ind1=" " ind2="4">
               <subfield code="a">GN60</subfield>
               <subfield code="b">.S62 2016</subfield>
            </datafield>
            <datafield tag="100" ind1="1" ind2=" ">
               <subfield code="a">Soluri, K. Elizabeth,</subfield>
               <subfield code="e">author.</subfield>
               <subfield code="0">http://id.loc.gov/authorities/names/no2015129927</subfield>
            </datafield>
            <datafield tag="245" ind1="1" ind2="0">
               <subfield code="a">Laboratory manual and workbook for biological anthropology :</subfield>
               <subfield code="b">engaging with human evolution /</subfield>
               <subfield code="c">K. Elizabeth Soluri, Sabrina C. Agarwal.</subfield>
            </datafield>
            <datafield tag="246" ind1="3" ind2=" ">
               <subfield code="a">Biological anthropology :</subfield>
               <subfield code="b">engaging with human evolution</subfield>
            </datafield>
            <datafield tag="264" ind1=" " ind2="1">
               <subfield code="a">New York ;</subfield>
               <subfield code="a">London :</subfield>
               <subfield code="b">W.W. Norton &amp; Company,</subfield>
               <subfield code="c">[2016]</subfield>
            </datafield>
            <datafield tag="264" ind1=" " ind2="4">
               <subfield code="c">©2016</subfield>
            </datafield>
            <datafield tag="300" ind1=" " ind2=" ">
               <subfield code="a">1 volume (various pagings) :</subfield>
               <subfield code="b">color illustrations, color maps ;</subfield>
               <subfield code="c">28 cm</subfield>
            </datafield>
            <datafield tag="504" ind1=" " ind2=" ">
               <subfield code="a">Includes bibliographical references and index.</subfield>
            </datafield>
            <datafield tag="505" ind1="0" ind2=" ">
               <subfield code="a">Machine generated contents note: pt. ONE GENETICS AND EVOLUTIONARY THEORY -- Lab 1 Biological Anthropology and the Scientific Method -- Introduction -- What Is Anthropology? -- Four Fields of Anthropology -- The Subfields of Biological Anthropology -- Science and the Scientific Method -- The Science of Biological Anthropology -- Concept Review Questions -- Lab Exercises -- Exercise 1 Fields of Anthropology Scenarios -- Exercise 2 Types of Biological Anthropology Scenarios -- Exercise 3 Biological Anthropology News Article Discussion -- Exercise 4 Apply the Scientific Method (Human Biology) -- Exercise 5 Apply the Scientific Method (Forensic Anthropology) -- Exercise 6 Apply the Scientific Method (Primatology) -- Exercise 7 Apply the Scientific Method [Paleoanthropology) -- Exercise 8 Data Collection and Interobserver Error -- Exercise 9 Data Collection and Evaluation -- Critical Thinking Questions -- Lab 2 Genetics -- Introduction -- What Is a Cell? -- The Genetic Code -- DNA Replication -- Cell Division -- Protein Synthesis -- Concept Review Questions -- Lab Exercises -- Exercise 1 Creating and Interpreting Karyotypes -- Exercise 2 Comparing Karyotypes -- Exercise 3 Phases of Mitosis -- Exercise 4 Phases of Meiosis -- Exercise 5 Mitosis and Meiosis Comparison -- Exercise 6 Recombination -- Exercise 7 DNA Replication -- Exercise 8 Making Proteins -- Critical Thinking Questions -- Appendix: Lab Exercise Resources -- Lab 3 Inheritance -- Introduction -- Gregor Mendel -- Dominance and Recessiveness -- Genotype and Phenotype -- Punnett Squares -- Pedigree Diagrams -- Mendelian Traits and Polygenic Traits -- Exploring Further: The ABO Blood Group -- Concept Review Questions -- Lab Exercises -- Exercise 1 Creating Punnett Squares -- Exercise 2 Creating Pedigree Diagrams -- Exercise 3 Interpreting Punnett Squares -- Exercise 4 Interpreting Pedigree Diagrams -- Exercise 5 Mendelian Traits in Humans 1 -- Exercise 6 Mendelian Traits in Humans 2 -- Exercise 7 The ABO Blood System -- Exercise 8 Dihybrid Cross -- Critical Thinking Questions -- Lab 4 Forces of Evolution -- Introduction -- What Is Evolution? -- Genetic Recombination -- Forces of Evolution---Mutation -- Forces of Evolution---Natural Selection -- Forces of Evolution---Genetic Drift -- Forces of Evolution---Gene Flow -- Hardy-Weinberg Equilibrium -- Concept Review Questions -- Lab Exercises -- Exercise 1 Mutation -- Exercise 2 Natural Selection Activity 1 -- Exercise 3 Natural Selection Activity 2 -- Exercise 4 The Founder Effect -- Exercise 5 Gene Flow -- Exercise 6 Hardy--Weinberg Equilibrium -- Critical Thinking Questions -- pt. TWO MODERN HUMANS -- Lab 5 Introduction to the Skeleton -- Introduction -- Bone Function -- The Skeletal System and Bone Tissue -- Bone Remodeling -- Distinguishing Bones: Shapes -- Distinguishing Bones: Features -- Axial Skeleton and Appendicular Skeleton -- Directional Terminology -- Concept Review Questions -- Lab Exercises -- Exercise 1 Bone Remodeling -- Exercise 2 Bone Shapes -- Exercise 3 Bone Features -- Exercise 4 Axial and Appendicular Skeleton -- Exercise 5 Directional Terminology -- Critical Thinking Questions -- Appendix: Lab Exercise Images -- Lab 6 Bones of the Skeleton -- Introduction -- pt. 1 The Axial Skeleton -- pt. 2 The Appendicular Skeleton -- Concept Review Questions -- Lab Exercises -- Exercise 1 Cranium -- Exercise 2 Dentition -- Exercise 3 Vertebral Column -- Exercise 4 Thoracic Cage (Rib Cage) -- Exercise 5 Upper Limb -- Exercise 6 Lower Limb -- Critical Thinking Questions -- Appendix: Lab Exercise Images -- Lab 7 Bioarchaeology and Forensic Anthropology -- Introduction -- What Is Bioarchaeology? -- What Is Forensic Anthropology? -- Methods Used in the Analysis of Skeletal Remains -- Distinguishing Human versus Animal Bone -- Determining the Minimum Number of Individuals -- Determining Sex -- Determining Age at Death -- Estimating Stature -- Identifying Pathology -- Additional Steps Often in Forensic Contexts: Determining Ancestry -- Additional Steps Often in Forensic Contexts: Calculating the Postmortem Interval -- Concept Review Questions -- Lab Exercises -- Exercise 1 Animal or Human? -- Exercise 2 Minimum Number of Individuals -- Exercise 3 Aging -- Exercise 4 Sexing -- Exercise 5 Ancestry -- Exercise 6 Stature -- Exercise 7 Pathology -- Exercise 8 Tying It All Together -- Critical Thinking Questions -- Appendix: Lab Exercise Images -- Lab 8 Modern Human Variation -- Introduction -- Race -- Skin Color -- Altitude -- Climate -- The ABO Blood Group -- Lactose Tolerance -- Exploring Further: The Sickle-Cell Trait -- Concept Review Questions -- Lab Exercises -- Exercise 1 Skin Color Activity 1 -- Exercise 2 Skin Color Activity 2 -- Exercise 3 Altitude -- Exercise 4 Climate -- Exercise 5 ABO Blood Group -- Exercise 6 Lactose Tolerance -- Exercise 7 The Sickle-Cell Trait Activity 1 -- Exercise 8 The Sickle-Cell Trait Activity 2 -- Exercise 9 Variation in the ADH1B Gene -- Critical Thinking Questions -- Appendix: Lab Exercise Images -- pt. THREE PRIMATOLOGY -- Lab 9 Classification -- Introduction -- What Are the Levels of Classification? -- The Biological Species Concept -- Homology versus Analogy -- Types of Homology -- The Process of Classification -- Conflicting Classifications -- Concept Review Questions -- Lab Exercises -- Exercise 1 Scientific Names -- Exercise 2 Homologous Structures -- Exercise 3 Types of Homologies -- Exercise 4 Inferring Relationships from Traits -- Exercise 5 Making a Cladogram -- Critical Thinking Questions -- Appendix: Lab Exercise Images -- Lab 10 Overview of the Living Primates -- Introduction -- What Is a Primate? -- Primate Taxonomy -- Lorises (Lorisoidea) -- Lemurs (Lemuroidea) -- Tarsiers (Tarsiiformes) -- Anthropoids (Anthropoidea) -- New World Monkeys (Ceboidea) -- Old World Monkeys (Cercopithecoidea) -- Apes (Hominoidea) -- Concept Review Questions -- Lab Exercises -- Exercise 1 Distinguishing Mammals and Primates -- Exercise 2 Lorises and Lemurs -- Exercise 3 Tarsiers -- Exercise 4 New World Monkeys versus Old World Monkeys -- Exercise 5 Old World Monkeys versus Apes -- Critical Thinking Questions -- Appendix: Lab Exercise Images -- Lab 11 Primate Behavior -- Introduction -- Studying Primates -- Affiliative Behavior -- Aggressive Behavior -- Primate Ecology -- Primate Social Organization -- Primate Sexual Behavior -- Primate Communication and Culture -- Exploring Further: Primate Conservation -- Concept Review Questions -- Lab Exercises -- Exercise 1 Captive and Field Studies -- Exercise 2 Observing Primates -- Exercise 3 Affiliative versus Aggressive Behavior -- Exercise 4 Primate Ecology and Group Size -- Exercise 5 Primate Social Organization -- Exercise 6 Nonhuman Primate Culture -- Critical Thinking Questions -- Appendix: Lab Exercise Images -- Lab 12 Comparative Primate Anatomy -- Introduction -- Primate Behavior and Anatomy -- Diet and Dietary Adaptations -- Locomotion and Locomotor Adaptations -- Social Organization and Sexual Dimorphism -- Concept Review Questions -- Lab Exercises -- Exercise 1 Diet and Dietary Adaptations 1 -- Exercise 2 Diet and Dietary Adaptations 2 -- Exercise 3 Locomotion and Locomotor Adaptations 1 -- Exercise 4 Locomotion and Locomotor Adaptations 2 -- Exercise 5 Sexual Dimorphism -- Exercise 6: Social Organization and Sexual Dimorphism -- Critical Thinking Questions -- Appendix: Lab Exercise Images -- pt. FOUR PALEOANTHROPOLOGY -- Lab 13 Primate Evolution -- Introduction -- What Is a Fossil? -- Before the Primates -- Primate Evolution -- Exploring Further: Dating Fossil Sites -- Concept Review Questions -- Lab Exercises -- Exercise 1 Plesiadapiforms -- Exercise 2 Adapiforms and Omomyoids -- Exercise 3 Darwinius -- Exercise 4 Fossil New World and Old World Monkeys -- Exercise 5 Theropithecus -- Exercise 6 Sivapithecus -- Exercise 7 Dating Methods -- Critical Thinking Questions -- Appendix: Lab Exercise Images -- Lab 14 Identifying the Human Lineage -- Introduction -- How Do We Know if a Fossil Species Is Part of Our Human Lineage? -- Types of Bipedalism -- Bipedal Adaptations -- Why Did Bipedalism Evolve? -- The First Appearance of Bipedalism: Pre-Australopithecines -- Concept Review Questions -- Lab Exercises -- Exercise 1 Bipedal Adaptations of the Cranium -- Exercise 2 Bipedal Adaptations of the Vertebral Column -- Exercise 3 Bipedal Adaptations of the Pelvis -- Exercise 4 Bipedal Adaptations of the Femur -- Exercise 5 Bipedal Adaptations of the Foot -- Exercise 6 The Pre-Australopithecines -- Exercise 7 The Evolution of Bipedalism -- Critical Thinking Questions -- Appendix: Lab Exercise Images -- Lab 15 The Australopithecines and Early Members of the Genus Homo -- Introduction -- The Australopithecines (4 mya--1 mya) -- The Newest Australopithecine: Australopithecus sedibo -- The Homo Genus -- Concept Review Questions -- Lab Exercises -- Exercise 1 Australopithecine Variation 1 -- Exercise 2 Australopithecine Variation 2 -- Exercise 3 Australopithecine Bipedalism -- Exercise 4 Australopithecus versus Homo -- Exercise 5 The Early Members of the Genus Homo -- Exercise 6 Stone Tool Technology -- Critical Thinking Questions -- Appendix: Lab Exercise Images -- Lab 16 Later Members of the Genus Homo -- Introduction -- Later Members of the Genus Homo -- The Newest Member of the Homo Genus? -- Concept Review Questions -- Lab Exercises -- Exercise 1 Early versus Later Members of the Genus Homo -- Exercise 2 The Evolution of Bipedalism -- Exercise 3 Homo heidelbergensis -- Exercise 4 Stone Tool Technology -- Exercise 5 Homo neanderthalensis -- Exercise 6 Homo floresiensis -- Critical Thinking Questions -- Appendix: Lab Exercise Images.</subfield>
            </datafield>
            <datafield tag="650" ind1=" " ind2="0">
               <subfield code="a">Physical anthropology</subfield>
               <subfield code="v">Textbooks.</subfield>
            </datafield>
            <datafield tag="650" ind1=" " ind2="0">
               <subfield code="a">Physical anthropology</subfield>
               <subfield code="v">Laboratory manuals.</subfield>
            </datafield>
            <datafield tag="650" ind1=" " ind2="2">
               <subfield code="a">Anthropology, Physical</subfield>
               <subfield code="0">https://id.nlm.nih.gov/mesh/D000885</subfield>
            </datafield>
            <datafield tag="650" ind1=" " ind2="7">
               <subfield code="a">Physical anthropology.</subfield>
               <subfield code="2">fast</subfield>
               <subfield code="0">(OCoLC)fst01062357</subfield>
            </datafield>
            <datafield tag="655" ind1=" " ind2="2">
               <subfield code="a">Textbooks.</subfield>
               <subfield code="0">https://id.nlm.nih.gov/mesh/D022923</subfield>
            </datafield>
            <datafield tag="655" ind1=" " ind2="2">
               <subfield code="a">Laboratory Manuals.</subfield>
               <subfield code="0">https://id.nlm.nih.gov/mesh/D020484</subfield>
            </datafield>
            <datafield tag="655" ind1=" " ind2="7">
               <subfield code="a">Laboratory manuals.</subfield>
               <subfield code="2">fast</subfield>
               <subfield code="0">(OCoLC)fst01920776</subfield>
            </datafield>
            <datafield tag="655" ind1=" " ind2="7">
               <subfield code="a">Textbooks.</subfield>
               <subfield code="2">fast</subfield>
               <subfield code="0">(OCoLC)fst01423863</subfield>
            </datafield>
            <datafield tag="700" ind1="1" ind2=" ">
               <subfield code="a">Agarwal, Sabrina C.,</subfield>
               <subfield code="e">author.</subfield>
               <subfield code="0">http://id.loc.gov/authorities/names/n2003008626</subfield>
            </datafield>
            <datafield tag="999" ind1=" " ind2=" ">
               <subfield code="a">GN60.S62 2016</subfield>
               <subfield code="w">LC</subfield>
               <subfield code="c">1</subfield>
               <subfield code="i">000079053563</subfield>
               <subfield code="d">4/25/2019</subfield>
               <subfield code="e">3/21/2019</subfield>
               <subfield code="l">STACKS-BR</subfield>
               <subfield code="m">BEAVER</subfield>
               <subfield code="n">2</subfield>
               <subfield code="r">Y</subfield>
               <subfield code="s">Y</subfield>
               <subfield code="t">BOOKFLOAT</subfield>
               <subfield code="u">8/8/2016</subfield>
               <subfield code="o">.STAFF. GOBI</subfield>
            </datafield>
      </record>
    </metadata>
  </record>