
   <record> 
    <header>
      <identifier>oai:cat.libraries.psu.edu:18158406</identifier> 
      <datestamp>2022-12-16</datestamp>
      <setSpec>BOOKFLOAT</setSpec> 
    </header>
    <metadata>
      <record xmlns="http://www.loc.gov/MARC21/slim" xsi:schemaLocation="http://www.loc.gov/MARC21/slim http://www.loc.gov/standards/marcxml/schema/MARC21slim.xsd" type="Bibliographic">
         <leader>     cam  22      i 4500</leader>
         <controlfield tag="008">080623t20092009cau           000 0 eng  </controlfield>
            <datafield tag="010" ind1=" " ind2=" ">
               <subfield code="a">  2008931614</subfield>
            </datafield>
            <datafield tag="020" ind1=" " ind2=" ">
               <subfield code="a">9780495510147</subfield>
            </datafield>
            <datafield tag="020" ind1=" " ind2=" ">
               <subfield code="a">0495510149</subfield>
            </datafield>
            <datafield tag="035" ind1=" " ind2=" ">
               <subfield code="a">(OCoLC)176949204</subfield>
            </datafield>
            <datafield tag="050" ind1="0" ind2="0">
               <subfield code="a">GN60</subfield>
               <subfield code="b">.S18 2009</subfield>
            </datafield>
            <datafield tag="082" ind1="0" ind2="4">
               <subfield code="a">599.9 22</subfield>
               <subfield code="2">22</subfield>
            </datafield>
            <datafield tag="245" ind1="0" ind2="0">
               <subfield code="a">Classic and contemporary readings in physical anthropology /</subfield>
               <subfield code="c">[edited by] Mary K. Sandford with Eileen M. Jackson.</subfield>
            </datafield>
            <datafield tag="250" ind1=" " ind2=" ">
               <subfield code="a">Student ed.</subfield>
            </datafield>
            <datafield tag="264" ind1=" " ind2="1">
               <subfield code="a">Belmont, CA :</subfield>
               <subfield code="b">Wadsworth,</subfield>
               <subfield code="c">[2009]</subfield>
            </datafield>
            <datafield tag="264" ind1=" " ind2="4">
               <subfield code="c">©2009</subfield>
            </datafield>
            <datafield tag="300" ind1=" " ind2=" ">
               <subfield code="a">xii, 147 pages ;</subfield>
               <subfield code="c">24 cm</subfield>
            </datafield>
            <datafield tag="505" ind1="0" ind2=" ">
               <subfield code="a">The nature of science -- Evolution and heredity -- Primates -- Human evolution -- Modern human variation.</subfield>
            </datafield>
            <datafield tag="505" ind1="0" ind2=" ">
               <subfield code="a">Science : truth without certainty / Eugenie Scott -- Physical anthropology : its scope and aims, its history and present status in America / Aleš Hrdlička -- The new physical anthropology / Sherwood H. Washburn -- Patterns / Niles Eldredge -- The fossils say yes / Donald R. Prothero -- The origins of form / Sean B. Carroll -- Evolution in action / Jonathan Weiner -- A terrible Scrooge / Olivia Judson -- Reading the book of Jim / Sharon Begley -- The social life of baboons / S.L. Washburn and Irven Devore -- Leading ladies / Jeanne Altmann -- Dance of the sexes / Sharon T. Pochron and Patricia C. Wright -- Learning from the chimpanzees : a message humans can understand / Jane Goodall -- Why are some animals so smart? / Carel van Schaik -- The antiquity of human walking / John Napier -- Lucy's baby / Kate Wong -- New fossils challenge line of descent in human family tree / Ann Gibbons -- The dawn of Stone Age genomics / Elizabeth Pennisi --Bayond stones and bones / Sharon Begley with Mary Carmichael -- Lactose and lactase / Norman Kretchmer -- How Africa learned to love the cow / Erika Check -- Skin deep / Nina G. Jablonski and George Chaplin -- Ancient DNA reveals Neanderthals with red hair, fair complexions / Elizabeth Culotta.</subfield>
            </datafield>
            <datafield tag="650" ind1=" " ind2="0">
               <subfield code="a">Physical anthropology</subfield>
               <subfield code="v">Textbooks.</subfield>
            </datafield>
            <datafield tag="650" ind1=" " ind2="7">
               <subfield code="a">Physical anthropology.</subfield>
               <subfield code="2">fast</subfield>
               <subfield code="0">(OCoLC)fst01062357</subfield>
            </datafield>
            <datafield tag="655" ind1=" " ind2="7">
               <subfield code="a">Textbooks.</subfield>
               <subfield code="2">fast</subfield>
               <subfield code="0">(OCoLC)fst01423863</subfield>
            </datafield>
            <datafield tag="700" ind1="1" ind2=" ">
               <subfield code="a">Sandford, Mary K.</subfield>
               <subfield code="0">http://id.loc.gov/authorities/names/n88623106</subfield>
            </datafield>
            <datafield tag="700" ind1="1" ind2=" ">
               <subfield code="a">Jackson, Eileen M.</subfield>
               <subfield code="0">http://id.loc.gov/authorities/names/n2009028308</subfield>
            </datafield>
            <datafield tag="999" ind1=" " ind2=" ">
               <subfield code="a">GN60.S18 2009</subfield>
               <subfield code="w">LC</subfield>
               <subfield code="c">1</subfield>
               <subfield code="i">000079062381</subfield>
               <subfield code="d">11/21/2016</subfield>
               <subfield code="e">10/25/2016</subfield>
               <subfield code="l">STACKS-BR</subfield>
               <subfield code="m">BEAVER</subfield>
               <subfield code="r">Y</subfield>
               <subfield code="s">Y</subfield>
               <subfield code="t">BOOKFLOAT</subfield>
               <subfield code="u">8/8/2016</subfield>
               <subfield code="o">.STAFF. GOBI</subfield>
            </datafield>
      </record>
    </metadata>
  </record>