
   <record> 
    <header>
      <identifier>oai:cat.libraries.psu.edu:18158408</identifier> 
      <datestamp>2022-12-16</datestamp>
      <setSpec>BOOKFLOAT</setSpec> 
    </header>
    <metadata>
      <record xmlns="http://www.loc.gov/MARC21/slim" xsi:schemaLocation="http://www.loc.gov/MARC21/slim http://www.loc.gov/standards/marcxml/schema/MARC21slim.xsd" type="Bibliographic">
         <leader>     cam  22      i 4500</leader>
         <controlfield tag="008">160310s2017    nyua     b    000 0 eng  </controlfield>
            <datafield tag="010" ind1=" " ind2=" ">
               <subfield code="a">  2016011466</subfield>
            </datafield>
            <datafield tag="020" ind1=" " ind2=" ">
               <subfield code="a">9780190253547 (pbk. : alk. paper)</subfield>
            </datafield>
            <datafield tag="020" ind1=" " ind2=" ">
               <subfield code="a">0190253541 (pbk. : alk. paper)</subfield>
            </datafield>
            <datafield tag="020" ind1=" " ind2=" ">
               <subfield code="a">9780190253554 (instructor edition : alk. paper)</subfield>
            </datafield>
            <datafield tag="020" ind1=" " ind2=" ">
               <subfield code="a">019025355X (instructor edition : alk. paper)</subfield>
            </datafield>
            <datafield tag="035" ind1=" " ind2=" ">
               <subfield code="a">(OCoLC)945121354</subfield>
            </datafield>
            <datafield tag="050" ind1="0" ind2="0">
               <subfield code="a">GN316</subfield>
               <subfield code="b">.B78 2017</subfield>
            </datafield>
            <datafield tag="082" ind1="0" ind2="0">
               <subfield code="a">306</subfield>
               <subfield code="2">23</subfield>
            </datafield>
            <datafield tag="100" ind1="1" ind2=" ">
               <subfield code="a">Brondo, Keri Vacanti</subfield>
               <subfield code="e">author.</subfield>
               <subfield code="0">http://id.loc.gov/authorities/names/no2010124832</subfield>
            </datafield>
            <datafield tag="245" ind1="1" ind2="0">
               <subfield code="a">Cultural anthropology :</subfield>
               <subfield code="b">contemporary, public and critical readings /</subfield>
               <subfield code="c">Keri Vacanti Brondo.</subfield>
            </datafield>
            <datafield tag="264" ind1=" " ind2="1">
               <subfield code="a">New York :</subfield>
               <subfield code="b">Oxford University Press,</subfield>
               <subfield code="c">[2017]</subfield>
            </datafield>
            <datafield tag="300" ind1=" " ind2=" ">
               <subfield code="a">xv, 511 pages :</subfield>
               <subfield code="b">illustrations ;</subfield>
               <subfield code="c">26 cm</subfield>
            </datafield>
            <datafield tag="504" ind1=" " ind2=" ">
               <subfield code="a">Includes bibliographical references.</subfield>
            </datafield>
            <datafield tag="505" ind1="0" ind2=" ">
               <subfield code="a">Machine generated contents note: pt. 1 Thinking Anthropologically -- Introduction: Thinking Anthropologically -- 1.1.A Dispute in Donggo: Fieldwork and Ethnography by John Monaghan and Peter Just -- 1.2.Tricking and Tripping: Fieldwork on Prostitution in the Era of AIDS by Claire E. Sterk -- 1.3.Cultural Relativism and Universal Human Rights by Carolyn Fluehr-Lobban -- 1.4.Maxwell's Demons: Disenchantment in the Field by Janet Mcintosh -- 1.5.Is Native Anthropology Really Possible? / Takeyuki Tsuda -- Anthropology in Practice: Dr. Ashfra Ghani -- Anthropology in Practice: Dr. Jim Yong Kim -- pt. 2 Communicating Culture: Language and Expressive Culture -- Introduction: Communicating Culture: Language and Expressive Culture -- 2.1.Shakespeare in the Bush by Laura Bohannan -- 2.2.What Are You Laughing At? Assessing the &quot;Racial&quot; in U.S. Public Discourse by John Hartigan Jr. -- 2.3.Sex, Lies, and Conversation: Why Is It So Hard for Men and Women to Talk to Each Other? / Deborah Tannen -- 2.4.Speaking Like a Model Minority: &quot;FOB&quot; Styles, Gender, and Racial Meanings Among Desi Teens in Silicon Valley by Shalini Shankar -- 2.5.Anything Can Happen on YouTube (or Can It?): Endangered Language and New Media by Jillian R. Cavanaugh -- Anthropology in Practice: Dr. Bernard Perley -- pt. 3 Belief Systems -- Introduction: Belief Systems -- 3.1.Baseball Magic by George Gmelch -- 3.2.&quot;No Peace in the House&quot;: Witchcraft Accusations as an &quot;Old Woman's Problem&quot; in Ghana by Alexandra Crampton -- 3.3.The Politics of Righteousness: Race and Gender in Apostolic Pentecostalism by Judith Casselberry -- 3.4.Choosing Both Faith and Fun: Youth Negotiations of Moral Norms in South Beirut by Lara Deeb and Mona Harb -- Anthropology in Practice: Dr. Tanya Marie Luhrmann -- pt. 4 Marriage, Family, Gender, and Sexuality -- Introduction: Marriage, Family, Gender, and Sexuality -- 4.1.When Brothers Take a Wife by Melvyn C. Goldstein -- 4.2.Death Without Weeping by Nancy Scheper-Hughes -- 4.3.Hijra and Sadhin: Neither Man nor Woman in India by Serena Nanda -- 4.4.Virginity Testing as a Local Public Health Initiative: A &quot;Preventative Ritual&quot; More Than a &quot;Diagnostic Measure&quot; / Annette Wickstrom -- In the News: Same Sex Marriage -- Anthropology in Practice: Megan E. Springate, MA -- pt. 5 Race, Ethnicity, Class, and Inequality -- Introduction: Race, Ethnicity, Class, and Inequality -- 5.1.Can White Men Jump? Ethnicity, Genes, Culture, and Success by David Shenk -- 5.2.Maintaining Whiteness: The Fear of Others and Niceness by Setha Low -- 5.3.Intimate Apartheid and Drug Consumption Among Racialized Bodies by Philippe Bourgois and Jeff Schonberg -- 5.4.Birthdays, Basketball, and Breaking Bread: Negotiating with Class in Contemporary Black America by John L. Jackson Jr. -- In the News: Race, Racism, Police Brutality, and Social Injustice -- Anthropology in Practice: Dr. Raymond Codrington -- pt. 6 Medical Anthropology -- Introduction: Medical Anthropology -- 6.1.An Anthropology of Structural Violence by Paul Farmer -- 6.2.Bad Biocitizens? Latinos and the U.S. &quot;Obesity Epidemic&quot; / Megan Carney -- 6.3.Democracy as Social Action: Home Birth, Midwives, and the Push for State Licensure by Tara Hefferan -- 6.4.The Politics of Reproduction: The Troubling Case of Nadya Suleman and Assisted Reproductive Technology by Dana-Ain Davis -- In the News: The 2014 Ebola Response and Anthropology -- Anthropology in Practice: Dr. Robert Hahn -- Anthropology in Practice: Dr. Ippolytos Kalofonos -- pt. 7 Taste, Food, and Foodways -- Introduction: Taste, Food, and Foodways -- 7.1.Eating Christmas in the Kalahari by Richard Borshay Lee -- 7.2.&quot;Real Belizean Food&quot;: Building Local Identity in the Transnational Caribbean by Richard Wilk -- 7.3.Making the Market: Specialty Coffee, Generational Pitches, and Papua New Guinea by Paige West -- 7.4.Migrant Farmworkers and the Pain of Picking by Seth Holmes -- 7.5.American Meat by Donald D. Stull -- In the News: Foraged Food -- Anthropology in Practice: Dr. Micah Trapp -- pt. 8 Environmental Anthropology -- Introduction: Environmental Anthropology -- 8.1.Seeing Conservation Through a Global Lens by Jim Igoe -- 8.2.Negotiating Land and Authority in Central Mozambique by Michael Madison Walker -- 8.3.&quot;If We Didn't Have Water&quot;: Black Women's Struggle for Urban Land Rights in Brazil by Keisha-Khan Y. Perry -- 8.4.Gone the Bull of Winter? Contemplating Climate Change's Cultural Implications in Northeastern Siberia, Russia by Susan A. Crate -- 8.5.On the Mundane Significance of Bike Lanes ... And the Pursuit of Anthropology in the Here and Now by Luis A. Vivanco -- In the News: BP Oil Disaster -- Anthropology in Practice: Dr. Shirley J. Fiske -- Anthropology in Practice: Dr. Fabiana Li -- pt. 9 Globalization, Development, and Culture -- Introduction: Globalization, Development, and Culture -- 9.1.The Price of Progress by John H. Bodley -- 9.2.Being Indigenous in the 21st Century by Wilma Mankiller -- 9.3.The Making of Disaster by Vincanne Adams -- 9.4.Whose Development? Service-Learning Abroad and Discourses on &quot;Doing Good&quot; / Natalie J. Bourdon -- 9.5.Housing Interests: Developing Community in a Globalizing City by Jacqueline Copeland-Carson -- 9.6.Re-Working the Institution of Waqf (Islamic Trust) for the Financial Sustainability of Information Technology Schemes in Morocco by Hsain Ilahiane -- Anthropology in Practice: Dr. Barbara Rose Johnston -- pt. 10 Violence, Conflict, and Mobility in the 21st Century -- Introduction: Violence, Conflict, and Mobility in the 21st Century -- 10.1.Do Muslim Women Really Need Saving? Anthropological Reflections on Cultural Relativism and Its Others by Lila Abu-Lughod -- 10.2.Dispelling the Myths: Unaccompanied, Undocumented Minors in U.S. Immigration Custody by Susan Terrio -- 10.3.The Non-National in Jordan: Statelessness as Structural Violence Among Gaza Refugees in Jordan by Michael Vicente Perez -- 10.4.Living and Working in a War Zone: An Applied Anthropologist in Afghanistan by Patricia A. Omidian -- In the News: Human Terrain -- Anthropology in Practice: Dr. Laura McNamara -- pt. 11 Visual and Media Anthropology -- Introduction: Visual and Media Anthropology -- 11.1.Everyday Second Life by Tom Boellstorff -- 11.2.#Ferguson: Digital Protest, Hashtag Ethnography, and the Racial Politics of Social Media in the United States by Yarimar Bonilla and Jonathan Rosa -- 11.3.Policing Childhood Through The Learning Channel's Toddlers and Tiaras by Andrea Freidus -- 11.4.Bootlegged: Unauthorized Circulation and the Dilemmas of Collaboration in the Digital Age by Noelle Stout -- In the News: Defacing Native Rock Art: Not &quot;Cool&quot; -- Anthropology in Practice: Dr. Neera Singh -- Anthropology in Practice: Dr. Karen Nakamura -- pt. 12 Careers in Engaged and Applied Anthropology -- Introduction: Careers in Engaged and Applied Anthropology -- 12.1.So, You Want to Be an Anthropologist ... by Carol Ellick and Joe Watkins -- 12.2.Moving Past Public Anthropology and Doing Collaborative Research by Luke Lassiter -- 12.3.Expert Witness: Notes Toward Revisiting the Politics of Listening by Asale Angel-Ajani -- 12.4.The Future of Practice: Anthropology and the Grand Challenge by Riall Nolan -- In the News: Corporate Anthropology -- Anthropology in Practice: Dr. Melissa Cefkin.</subfield>
            </datafield>
            <datafield tag="650" ind1=" " ind2="0">
               <subfield code="a">Ethnology.</subfield>
               <subfield code="0">http://id.loc.gov/authorities/subjects/sh85045198</subfield>
            </datafield>
            <datafield tag="650" ind1=" " ind2="7">
               <subfield code="a">Ethnology.</subfield>
               <subfield code="2">fast</subfield>
               <subfield code="0">(OCoLC)fst00916106</subfield>
            </datafield>
            <datafield tag="999" ind1=" " ind2=" ">
               <subfield code="a">GN316.B78 2017</subfield>
               <subfield code="w">LC</subfield>
               <subfield code="c">1</subfield>
               <subfield code="i">000079039918</subfield>
               <subfield code="d">11/18/2019</subfield>
               <subfield code="e">11/18/2019</subfield>
               <subfield code="k">CHECKEDOUT</subfield>
               <subfield code="l">STACKS-BR</subfield>
               <subfield code="m">BEAVER</subfield>
               <subfield code="n">1</subfield>
               <subfield code="r">M</subfield>
               <subfield code="s">Y</subfield>
               <subfield code="t">BOOKFLOAT</subfield>
               <subfield code="u">8/8/2016</subfield>
               <subfield code="o">.STAFF. GOBI</subfield>
            </datafield>
      </record>
    </metadata>
  </record>