
   <record> 
    <header>
      <identifier>oai:cat.libraries.psu.edu:18158409</identifier> 
      <datestamp>2022-12-16</datestamp>
      <setSpec>BOOKFLOAT</setSpec> 
    </header>
    <metadata>
      <record xmlns="http://www.loc.gov/MARC21/slim" xsi:schemaLocation="http://www.loc.gov/MARC21/slim http://www.loc.gov/standards/marcxml/schema/MARC21slim.xsd" type="Bibliographic">
         <leader>     nam  22      a 4500</leader>
         <controlfield tag="008">150819s2016    ncu      b    001 0 eng  </controlfield>
            <datafield tag="010" ind1=" " ind2=" ">
               <subfield code="a">  2015032379</subfield>
            </datafield>
            <datafield tag="020" ind1=" " ind2=" ">
               <subfield code="a">9781611636321</subfield>
               <subfield code="q">(alk. paper)</subfield>
            </datafield>
            <datafield tag="020" ind1=" " ind2=" ">
               <subfield code="a">1611636329</subfield>
               <subfield code="q">(alk. paper)</subfield>
            </datafield>
            <datafield tag="020" ind1=" " ind2=" ">
               <subfield code="a">9781594603006</subfield>
            </datafield>
            <datafield tag="020" ind1=" " ind2=" ">
               <subfield code="a">1594603006</subfield>
            </datafield>
            <datafield tag="024" ind1="8" ind2=" ">
               <subfield code="a">40025773169</subfield>
            </datafield>
            <datafield tag="035" ind1=" " ind2=" ">
               <subfield code="a">(OCoLC)922836128</subfield>
            </datafield>
            <datafield tag="050" ind1="0" ind2="0">
               <subfield code="a">GN69.8</subfield>
               <subfield code="b">.N33 2016</subfield>
            </datafield>
            <datafield tag="082" ind1="0" ind2="0">
               <subfield code="a">614/.17</subfield>
               <subfield code="2">23</subfield>
            </datafield>
            <datafield tag="100" ind1="1" ind2=" ">
               <subfield code="a">Nafte, Myriam.</subfield>
            </datafield>
            <datafield tag="245" ind1="1" ind2="0">
               <subfield code="a">Flesh and bone :</subfield>
               <subfield code="b">an introduction to forensic anthropology /</subfield>
               <subfield code="c">Myriam Nafte.</subfield>
            </datafield>
            <datafield tag="250" ind1=" " ind2=" ">
               <subfield code="a">Third edition.</subfield>
            </datafield>
            <datafield tag="264" ind1=" " ind2="1">
               <subfield code="a">Durham, North Carolina :</subfield>
               <subfield code="b">Carolina Academic Press,</subfield>
               <subfield code="c">[2016]</subfield>
            </datafield>
            <datafield tag="300" ind1=" " ind2=" ">
               <subfield code="a">xvi, 185 pages ;</subfield>
               <subfield code="c">26 cm</subfield>
            </datafield>
            <datafield tag="504" ind1=" " ind2=" ">
               <subfield code="a">Includes bibliographical references and index.</subfield>
            </datafield>
            <datafield tag="505" ind1="0" ind2=" ">
               <subfield code="a">I. The development of a new discipline. Forensic science -- Anthropology -- II. The human body. Flesh and bone : the process of decomposition -- The human skeleton : a beginner's guide -- III. Uncovering the mystery. Assessing the remains -- Evidence of trauma -- Reconstructing identity -- IV. New applications. Human rights and forensic anthropology.</subfield>
            </datafield>
            <datafield tag="650" ind1=" " ind2="0">
               <subfield code="a">Forensic anthropology.</subfield>
            </datafield>
            <datafield tag="650" ind1=" " ind2="0">
               <subfield code="a">Facial reconstruction (Anthropology)</subfield>
            </datafield>
            <datafield tag="650" ind1="1" ind2="2">
               <subfield code="a">Forensic Anthropology</subfield>
               <subfield code="x">methods.</subfield>
            </datafield>
            <datafield tag="650" ind1="2" ind2="2">
               <subfield code="a">Face</subfield>
               <subfield code="x">anatomy &amp; histology.</subfield>
            </datafield>
            <datafield tag="650" ind1=" " ind2="7">
               <subfield code="a">Facial reconstruction (Anthropology)</subfield>
               <subfield code="2">fast</subfield>
               <subfield code="0">(OCoLC)fst00919603</subfield>
            </datafield>
            <datafield tag="650" ind1=" " ind2="7">
               <subfield code="a">Forensic anthropology.</subfield>
               <subfield code="2">fast</subfield>
               <subfield code="0">(OCoLC)fst00931952</subfield>
            </datafield>
            <datafield tag="999" ind1=" " ind2=" ">
               <subfield code="a">GN69.8.N33 2016</subfield>
               <subfield code="w">LC</subfield>
               <subfield code="c">1</subfield>
               <subfield code="i">000079103145</subfield>
               <subfield code="d">5/3/2022</subfield>
               <subfield code="e">5/3/2022</subfield>
               <subfield code="l">STACKS-BR</subfield>
               <subfield code="m">BEAVER</subfield>
               <subfield code="n">1</subfield>
               <subfield code="r">Y</subfield>
               <subfield code="s">Y</subfield>
               <subfield code="t">BOOKFLOAT</subfield>
               <subfield code="u">8/8/2016</subfield>
               <subfield code="o">.STAFF. GOBI</subfield>
            </datafield>
      </record>
    </metadata>
  </record>