
   <record> 
    <header>
      <identifier>oai:cat.libraries.psu.edu:18158410</identifier> 
      <datestamp>2022-12-16</datestamp>
      <setSpec>BOOKFLOAT</setSpec> 
    </header>
    <metadata>
      <record xmlns="http://www.loc.gov/MARC21/slim" xsi:schemaLocation="http://www.loc.gov/MARC21/slim http://www.loc.gov/standards/marcxml/schema/MARC21slim.xsd" type="Bibliographic">
         <leader>     cam  22     4i 4500</leader>
         <controlfield tag="008">140314s2015    xx            000 0 eng d</controlfield>
            <datafield tag="020" ind1=" " ind2=" ">
               <subfield code="a">1620970074</subfield>
            </datafield>
            <datafield tag="020" ind1=" " ind2=" ">
               <subfield code="a">9781620970072</subfield>
            </datafield>
            <datafield tag="035" ind1=" " ind2=" ">
               <subfield code="a">DS11710907</subfield>
            </datafield>
            <datafield tag="035" ind1=" " ind2=" ">
               <subfield code="a">(OCoLC)873007842</subfield>
            </datafield>
            <datafield tag="050" ind1="0" ind2="0">
               <subfield code="a">TD195.E49</subfield>
               <subfield code="b">H39 2016</subfield>
            </datafield>
            <datafield tag="100" ind1="1" ind2=" ">
               <subfield code="a">Hauter, Wenonah.</subfield>
               <subfield code="0">http://id.loc.gov/authorities/names/no2012093765</subfield>
            </datafield>
            <datafield tag="245" ind1="1" ind2="0">
               <subfield code="a">Frackopoly :</subfield>
               <subfield code="b">the battle for the future of energy and the environment.</subfield>
            </datafield>
            <datafield tag="264" ind1=" " ind2="1">
               <subfield code="a">[Place of publication not identified] :</subfield>
               <subfield code="b">New Press,</subfield>
               <subfield code="c">2015.</subfield>
            </datafield>
            <datafield tag="300" ind1=" " ind2=" ">
               <subfield code="a">pages</subfield>
            </datafield>
            <datafield tag="505" ind1="0" ind2=" ">
               <subfield code="a">Machine generated contents note: 1.In the Beginning... -- 2.Setting the Stage -- 3.The Natural Gas Heist -- 4.Seeking the Roots of the Frackopoly -- 5.The Frackopoly Comes to Power -- 6.The Road to Ruin -- 7.Mitchell Makes a Fortune -- 8.Devon: Big Fish Polluting a Small Pond -- 9.Chesapeake Energy: High-Rolling Fracking Drama -- 10.When Will the Bakken Boom Go Bust for Good? -- 11.Poisonous Legacy in Wyoming -- 12.Politics, Betrayal, and Broken Communities -- 13.Sacrifice Zones in the Keystone State -- 14.Not a Drop Left to Drink -- 15.The Real Cost of Fracking Infrastructure -- 16.Exxon: More Powerful Than Ever -- 17.The Climate Change Heist -- 18.Pollution Trading: A Shell Game -- 19.Hard-Fought Victory in New York -- 20.The Ban Movement Grows, Stretching Coast to Coast -- 21.A Global Movement to Ban Fracking -- 22.The Way Forward.</subfield>
            </datafield>
            <datafield tag="999" ind1=" " ind2=" ">
               <subfield code="a">TD195.E49H39 2016</subfield>
               <subfield code="w">LC</subfield>
               <subfield code="c">1</subfield>
               <subfield code="i">000079040013</subfield>
               <subfield code="d">1/13/2017</subfield>
               <subfield code="e">10/5/2016</subfield>
               <subfield code="l">STACKS-BR</subfield>
               <subfield code="m">BEAVER</subfield>
               <subfield code="n">1</subfield>
               <subfield code="r">Y</subfield>
               <subfield code="s">Y</subfield>
               <subfield code="t">BOOKFLOAT</subfield>
               <subfield code="u">8/8/2016</subfield>
               <subfield code="o">.STAFF. GOBI</subfield>
            </datafield>
            <datafield tag="999" ind1=" " ind2=" ">
               <subfield code="a">TD195.E49H39 2016</subfield>
               <subfield code="w">LC</subfield>
               <subfield code="c">1</subfield>
               <subfield code="i">000078985957</subfield>
               <subfield code="d">4/7/2017</subfield>
               <subfield code="e">3/17/2017</subfield>
               <subfield code="f">12/5/2016</subfield>
               <subfield code="g">1</subfield>
               <subfield code="l">STACKS-DS</subfield>
               <subfield code="m">DUBOIS</subfield>
               <subfield code="n">1</subfield>
               <subfield code="r">Y</subfield>
               <subfield code="s">Y</subfield>
               <subfield code="t">BOOKFLOAT</subfield>
               <subfield code="u">10/24/2016</subfield>
               <subfield code="o">.STAFF. GOBI</subfield>
            </datafield>
      </record>
    </metadata>
  </record>