
   <record> 
    <header>
      <identifier>oai:cat.libraries.psu.edu:18158412</identifier> 
      <datestamp>2022-12-16</datestamp>
      <setSpec>BOOKFLOAT</setSpec> 
    </header>
    <metadata>
      <record xmlns="http://www.loc.gov/MARC21/slim" xsi:schemaLocation="http://www.loc.gov/MARC21/slim http://www.loc.gov/standards/marcxml/schema/MARC21slim.xsd" type="Bibliographic">
         <leader>     cam  22      i 4500</leader>
         <controlfield tag="008">131129t20162016nyua     b    001 0 eng  </controlfield>
            <datafield tag="010" ind1=" " ind2=" ">
               <subfield code="a">  2013047132</subfield>
            </datafield>
            <datafield tag="020" ind1=" " ind2=" ">
               <subfield code="a">9781433125454</subfield>
               <subfield code="q">(hardcover ;</subfield>
               <subfield code="q">alk. paper)</subfield>
            </datafield>
            <datafield tag="020" ind1=" " ind2=" ">
               <subfield code="a">1433125455</subfield>
               <subfield code="q">(hardcover ;</subfield>
               <subfield code="q">alk. paper)</subfield>
            </datafield>
            <datafield tag="035" ind1=" " ind2=" ">
               <subfield code="a">(OCoLC)865179973</subfield>
            </datafield>
            <datafield tag="050" ind1="0" ind2="0">
               <subfield code="a">GF41</subfield>
               <subfield code="b">.I89 2014</subfield>
            </datafield>
            <datafield tag="082" ind1="0" ind2="0">
               <subfield code="a">599.93/8</subfield>
               <subfield code="2">23</subfield>
            </datafield>
            <datafield tag="100" ind1="1" ind2=" ">
               <subfield code="a">Itzkoff, Seymour W.</subfield>
            </datafield>
            <datafield tag="245" ind1="1" ind2="0">
               <subfield code="a">Humanity's evolutionary destiny :</subfield>
               <subfield code="b">a Darwinian perspective /</subfield>
               <subfield code="c">Seymour W. Itzkoff.</subfield>
            </datafield>
            <datafield tag="264" ind1=" " ind2="1">
               <subfield code="a">New York :</subfield>
               <subfield code="b">Peter Lang Pubishing,</subfield>
               <subfield code="c">[2016]</subfield>
            </datafield>
            <datafield tag="264" ind1=" " ind2="4">
               <subfield code="c">©2016</subfield>
            </datafield>
            <datafield tag="300" ind1=" " ind2=" ">
               <subfield code="a">xxix, 244 pages :</subfield>
               <subfield code="b">illustrations ;</subfield>
               <subfield code="c">23 cm</subfield>
            </datafield>
            <datafield tag="504" ind1=" " ind2=" ">
               <subfield code="a">Includes bibliographical references and index.</subfield>
            </datafield>
            <datafield tag="505" ind1="0" ind2=" ">
               <subfield code="a">Introduction -- Dynamic progressions -- Originating adaptations of animal life -- We dominating mammals -- The primate pathway -- Homo : wherefrom? -- Natural selection of homo -- Cro-magnon -- homo sapiens sapiens -- Part ii:evolutionary outcomes -- Hss : a unique animal intelligence -- Civilization : symbolic dynamics -- Civilizational dynamics : exemplars -- Symbolic thought : the universal, the plural -- Cro-magnon's progeny : the modern mind -- Dream of a universal humanity -- Natural selection of humanity -- Reality suppressed -- Our 21st century and beyond -- Conditions of international survival -- Utopia interdict -- The united states in transition -- Catastrophe, renewal, and law -- Destiny.</subfield>
            </datafield>
            <datafield tag="650" ind1=" " ind2="0">
               <subfield code="a">Human ecology.</subfield>
            </datafield>
            <datafield tag="650" ind1=" " ind2="0">
               <subfield code="a">Humanity.</subfield>
            </datafield>
            <datafield tag="650" ind1=" " ind2="0">
               <subfield code="a">Ethics.</subfield>
            </datafield>
            <datafield tag="650" ind1=" " ind2="0">
               <subfield code="a">Human evolution.</subfield>
            </datafield>
            <datafield tag="650" ind1=" " ind2="0">
               <subfield code="a">Civilization.</subfield>
            </datafield>
            <datafield tag="650" ind1=" " ind2="7">
               <subfield code="a">Civilization.</subfield>
               <subfield code="2">fast</subfield>
               <subfield code="0">(OCoLC)fst00862898</subfield>
            </datafield>
            <datafield tag="650" ind1=" " ind2="7">
               <subfield code="a">Ethics.</subfield>
               <subfield code="2">fast</subfield>
               <subfield code="0">(OCoLC)fst00915833</subfield>
            </datafield>
            <datafield tag="650" ind1=" " ind2="7">
               <subfield code="a">Human ecology.</subfield>
               <subfield code="2">fast</subfield>
               <subfield code="0">(OCoLC)fst00962941</subfield>
            </datafield>
            <datafield tag="650" ind1=" " ind2="7">
               <subfield code="a">Human evolution.</subfield>
               <subfield code="2">fast</subfield>
               <subfield code="0">(OCoLC)fst00963030</subfield>
            </datafield>
            <datafield tag="650" ind1=" " ind2="7">
               <subfield code="a">Humanity.</subfield>
               <subfield code="2">fast</subfield>
               <subfield code="0">(OCoLC)fst00963659</subfield>
            </datafield>
            <datafield tag="999" ind1=" " ind2=" ">
               <subfield code="a">GF41.I89 2016</subfield>
               <subfield code="w">LC</subfield>
               <subfield code="c">1</subfield>
               <subfield code="i">000079040006</subfield>
               <subfield code="d">2/8/2017</subfield>
               <subfield code="l">STACKS-BR</subfield>
               <subfield code="m">BEAVER</subfield>
               <subfield code="r">Y</subfield>
               <subfield code="s">Y</subfield>
               <subfield code="t">BOOKFLOAT</subfield>
               <subfield code="u">8/8/2016</subfield>
               <subfield code="o">.STAFF. GOBI</subfield>
            </datafield>
      </record>
    </metadata>
  </record>