
   <record> 
    <header>
      <identifier>oai:cat.libraries.psu.edu:18158413</identifier> 
      <datestamp>2022-12-16</datestamp>
      <setSpec>BOOKFLOAT</setSpec> 
    </header>
    <metadata>
      <record xmlns="http://www.loc.gov/MARC21/slim" xsi:schemaLocation="http://www.loc.gov/MARC21/slim http://www.loc.gov/standards/marcxml/schema/MARC21slim.xsd" type="Bibliographic">
         <leader>     cam  22      i 4500</leader>
         <controlfield tag="008">151030s2017    cau      b    000 0 eng  </controlfield>
            <datafield tag="010" ind1=" " ind2=" ">
               <subfield code="a">  2015040058</subfield>
            </datafield>
            <datafield tag="020" ind1=" " ind2=" ">
               <subfield code="a">9781483379487 (pbk. : alk. paper)</subfield>
            </datafield>
            <datafield tag="020" ind1=" " ind2=" ">
               <subfield code="a">1483379485 (pbk. : alk. paper)</subfield>
            </datafield>
            <datafield tag="035" ind1=" " ind2=" ">
               <subfield code="a">(OCoLC)927241587</subfield>
            </datafield>
            <datafield tag="050" ind1="0" ind2="0">
               <subfield code="a">HQ1075</subfield>
               <subfield code="b">.K35 2017</subfield>
            </datafield>
            <datafield tag="082" ind1="0" ind2="0">
               <subfield code="a">305.3</subfield>
               <subfield code="2">23</subfield>
            </datafield>
            <datafield tag="245" ind1="0" ind2="4">
               <subfield code="a">The kaleidoscope of gender :</subfield>
               <subfield code="b">prisms, patterns, and possibilities /</subfield>
               <subfield code="c">Joan Z. Spade, The College at Brockport, State University of New York, Catherine G. Valentine, Nazareth College.</subfield>
            </datafield>
            <datafield tag="250" ind1=" " ind2=" ">
               <subfield code="a">Fifth Edition.</subfield>
            </datafield>
            <datafield tag="264" ind1=" " ind2="1">
               <subfield code="a">Los Angeles :</subfield>
               <subfield code="b">SAGE,</subfield>
               <subfield code="c">[2017]</subfield>
            </datafield>
            <datafield tag="300" ind1=" " ind2=" ">
               <subfield code="a">xxvii, 657 pages ;</subfield>
               <subfield code="c">23 cm</subfield>
            </datafield>
            <datafield tag="504" ind1=" " ind2=" ">
               <subfield code="a">Includes bibliographical references.</subfield>
            </datafield>
            <datafield tag="505" ind1="0" ind2=" ">
               <subfield code="a">Machine generated contents note: ch. 1 The Prism Of Gender / Joan Z. Spade / Catherine G. Valentine -- Introduction to Reading 1 / Catherine G. Valentine -- Reading 1 Gender as a Social Structure: Theory Wrestling With Activism / Catherine G. Valentine -- Introduction to Reading 2 / Barbara J Risman -- Reading 2 What It Means to Be Gendered Me / Barbara J Risman -- Introduction to Reading 3 / Betsy Lucal -- Reading 3 Reflecting on Intersex: 25 Years of Activism, Mobilization, and Change / Betsy Lucal -- Introduction to Reading 4 / Georgiann Davis / Sharon Preves -- Reading 4 The Trouble With Testosterone / Georgiann Davis / Sharon Preves -- Introduction to Reading 5 / Robert M. Sapolsky -- Reading 5 &quot;I Don't Like Passing as a Straight Woman&quot;: Queer Negotiations of Identity and Social Group Membership / Robert M. Sapolsky -- Introduction to Reading 6 / Carla A. Pfeffer -- Reading 6 Multiple Genders Among Native Americans / Carla A. Pfeffer -- ch. 2 The Interaction Of Gender With Other Socially Constructed Prisms / Serena Nanda -- Introduction to Reading 7 / Joan Z. Spade -- Reading 7 Intersectionality: A Transformative Paradigm in Feminist Theory and Social Justice / Joan Z. Spade -- Introduction to Reading 8 / Bonnie Thornton Dill / Marla H. Kohlman -- Reading 8 &quot;I Was Aggressive for the Streets, Pretty for the Pictures&quot;: Gender, Difference, and the Inner-City Girl / Bonnie Thornton Dill / Marla H. Kohlman -- Introduction to Reading 9 / Nikki Jones -- Reading 9 Asian American Women and Racialized Femininities: &quot;Doing&quot; Gender Across Cultural Worlds / Nikki Jones -- Introduction to Reading 10 / Karen D. Pyke / Denise L. Johnson -- Reading 10 Intersectionality in a Transnational World / Karen D. Pyke / Denise L. Johnson -- ch. 3 Gender And The Prism Of Culture / Bandana Purkayastha -- Introduction to Reading 11 / Catherine G. Valentine -- Reading 11 &quot;It's Only a Penis&quot;: Rape, Feminism, and Difference / Catherine G. Valentine -- Introduction to Reading 12 / Christine Helliwell -- Reading 12 Conceptualizing Thai Genderscapes: Transformation and Continuity in the Thai Sex/Gender System / Christine Helliwell -- Introduction to Reading 13 / Dredge Byung'chu Kling -- Reading 13 Nocturnal Queers: Rent Boys' Masculinity in Istanbul / Dredge Byung'chu Kling -- Introduction to Reading 14 / Cenk Ozbay -- Reading 14 Accra Turns Lives Around: Female Migrant Traders and Their Empowerment Experiences in Accra, Ghana / Cenk Ozbay -- Introduction to Reading 15 / Charlotte Wrigley-Asante -- Reading 15 Gender and Power / Charlotte Wrigley-Asante -- ch. 4 Learning And Doing Gender / Maria Alexandra Lepowsky -- Introduction to Reading 16 / Joan Z. Spade -- Reading 16 The Gender Binary Meets the Gender-Variant Child: Parents' Negotiations With Childhood Gender Variance / Joan Z. Spade -- Introduction to Reading 17 / Elizabeth P. Rahilly -- Reading 17 Athletes in the Pool, Girls and Boys on Deck: The Contextual Construction of Gender in Coed Youth Swimming / Elizabeth P. Rahilly -- Introduction to Reading 18 / Michela Musto -- Reading 18 Gender in Twentieth-Century Children's Books: Patterns of Disparity in Titles and Central Characters / Michela Musto -- Introduction to Reading 19 / Janice McCabe / Emily Fairchild / Liz Grauerholz / Bernice A. Pescosolido / Daniel Tope -- Reading 19 What Gender Is Science? / Janice McCabe / Emily Fairchild / Liz Grauerholz / Bernice A. Pescosolido / Daniel Tope -- Introduction to Reading 20 / Maria Charles -- Reading 20 &quot;Barbie Dolls&quot; on the Pitch: Identity Work, Defensive Othering, and Inequality in Women's Rugby / Maria Charles -- ch. 5 Buying And Selling Gender / Matthew B. Ezzell -- Introduction to Reading 21 / Catherine G. Valentine -- Reading 21 The Pink Dragon Is Female: Halloween Costumes and Gender Markers / Catherine G. Valentine -- Introduction to Reading 22 / Adie Nelson -- Reading 22 Performing Third World Poverty: Racialized Femininities in Sex Work / Adie Nelson -- Introduction to Reading 23 / Kimberly Hoang -- Reading 23 Firming the Floppy Penis: Age, Class, and Gender Relations in the Lives of Old Men / Kimberly Hoang -- Introduction to Reading 24 / Toni Calasanti / Neal King -- Reading 24 #RETHINKPINK: Moving Beyond Breast Cancer Awareness / Toni Calasanti / Neal King -- Introduction to Reading 25 / Gayle Sulik -- Reading 25 &quot;We Wear No Pants&quot;: Selling the Crisis of Masculinity in the 2010 Super Bowl Commercials / Gayle Sulik -- ch. 6 Tracing Gender's Mark On Bodies, Sexualities, And Emotions / Kyle Green / Madison Van Oort -- Introduction to Reading 26 / Catherine G. Valentine -- Reading 26 Embodied Inequality: The Experience of Domestic Work in Urban Ecuador / Catherine G. Valentine -- Introduction to Reading 27 / Erynn Masi de Casanova -- Reading 27 Individual Bodies, Collective State Interests: The Case of Israeli Combat Soldiers / Erynn Masi de Casanova -- Introduction to Reading 28 / Orna Sasson-Levy -- Reading 28 Equal Opportunity Objectification? The Sexualization of Men and Women on the Cover of Rolling Stone / Orna Sasson-Levy -- Introduction to Reading 29 / Erin Hatton / Mary Nell Trautner -- Reading 29 &quot;Freedom to&quot; and &quot;Freedom from&quot;: A New Vision for Sex-Positive Politics / Erin Hatton / Mary Nell Trautner -- Introduction to Reading 30 / Breanne Fahs -- Reading 30 &quot;Malu&quot;: Coloring Shame and Shaming the Color of Beauty in Transnational Indonesia / Breanne Fahs -- ch. 7 Gender At Work / L. Ayu Saraswati -- Introduction to Reading 31 / Joan Z. Spade -- Reading 31 Inequality Regimes: Gender, Class, and Race in Organizations / Joan Z. Spade -- Introduction to Reading 32 / Joan Acker -- Reading 32 Gendered Organizations in the New Economy / Joan Acker -- Introduction to Reading 33 / Chandra Muller / Christine L. Williams / Kristine Kilanski -- Reading 33 Racializing the Glass Escalator: Reconsidering Men's Experiences With Women's Work / Christine L. Williams / Chandra Muller / Kristine Kilanski -- Introduction to Reading 34 / Adia Harvey Wingfield -- Reading 34 Hard Drives and Glass Ceilings: Gender Stratification in High-Tech Production / Adia Harvey Wingfield -- Introduction to Reading 35 / Steven C. McKay -- Reading 35 (Un)Changing Institutions: Work, Family, and Gender in the New Economy / Steven C. McKay -- Introduction to Reading 36 / Amy S. Wharton -- Reading 36 Preparing for Parenthood: Gender, Aspirations, and the Reproduction of Labor Market Inequality / Amy S. Wharton -- ch. 8 Gender In Intimate Relationships / Brooke Conroy Bass -- Introduction to Reading 37 / Joan Z. Spade -- Reading 37 Negotiating Courtship: Reconciling Egalitarian Ideals With Traditional Gender Norms / Joan Z. Spade -- Introduction to Reading 38 / Ellen Lamont -- Reading 38 When Dad Stays Home Too: Paternity Leave, Gender, and Parenting / Ellen Lamont -- Introduction to Reading 39 / Erin M. Rehel -- Reading 39 Mothers, Fathers, and &quot;Mathers&quot;: Negotiating a Lesbian Co-parental Identity / Erin M. Rehel -- Introduction to Reading 40 / Irene Padavic / Jonniann Butterfield -- Reading 40 Fathering, Class, and Gender: A Comparison of Physicians and Emergency Medical Technicians / Irene Padavic / Jonniann Butterfield -- Introduction to Reading 41 / Carla Shows / Naomi Gerstel -- Reading 41 Her Support, His Support: Money, Masculinity, and Marital Infidelity / Carla Shows / Naomi Gerstel -- ch. 9 Enforcing Gender / Christin L. Munch -- Introduction to Reading 42 / Joan Z. Spade -- Reading 42 Gendered Sexuality in Young Adulthood: Double Binds and Flawed Options / Joan Z. Spade -- Introduction to Reading 43 / Laura Hamilton / Elizabeth A. Armstrong -- Reading 43 Separating the Men From the Moms: The Making of Adult Gender Segregation in Youth Sports / Laura Hamilton / Elizabeth A. Armstrong -- Introduction to Reading 44 / Suzel Bozada-Deas / Michael A. Messner -- Reading 44 Gendered Homophobia and the Contradictions of Workplace Discrimination for Women in the Building Trades / Michael A. Messner / Suzel Bozada-Deas -- Introduction to Reading 45 / Abigail C. Saguy / Amy M. Denissen -- Reading 45 Ritual Violence in a Two-Car Garage / Amy M. Denissen / Abigail C. Saguy -- ch. 10 Nothing Is Forever / Scott Melzer -- Introduction to Reading 46 / Catherine G. Valentine -- Reading 46 Roundtable: Reproductive Technologies and Reproductive Justice / Catherine G. Valentine -- Introduction to Reading 47 / Rayna Rapp / Andrea Smith / Laura Briggs / Faye Ginsburg / Elena R. Gutiérrez / Chikako Takeshita / Rosalind Petchesky -- Reading 47 #FemFuture: Online Revolution / Rosalind Petchesky / Elena R. Gutiérrez / Faye Ginsburg / Laura Briggs / Andrea Smith / Rayna Rapp / Chikako Takeshita -- Introduction to Reading 48 / Vanessa Valenti / Courtney E. Martin -- Reading 48 Building on &quot;the Edge of Each Other's Battles&quot;: A Feminist of Color Multidimensional Lens / The Santa Cruz Feminist of Color Collective / Vanessa Valenti / Courtney E. Martin -- Introduction to Reading 49 / Courtney E. Martin / Vanessa Valenti -- Reading 49 Native American Feminism, Sovereignty, and Social Change / Vanessa Valenti / Courtney E. Martin -- Introduction to Reading 50 / Andrea Smith -- Reading 50 Change Among the Gatekeepers: Men, Masculinities, and Gender Equality in the Global Arena / Andrea Smith.</subfield>
            </datafield>
            <datafield tag="650" ind1=" " ind2="0">
               <subfield code="a">Sex role.</subfield>
            </datafield>
            <datafield tag="650" ind1=" " ind2="0">
               <subfield code="a">Sex differences (Psychology)</subfield>
            </datafield>
            <datafield tag="650" ind1=" " ind2="0">
               <subfield code="a">Gender identity.</subfield>
            </datafield>
            <datafield tag="650" ind1=" " ind2="0">
               <subfield code="a">Man-woman relationships.</subfield>
            </datafield>
            <datafield tag="650" ind1=" " ind2="0">
               <subfield code="a">Interpersonal relations.</subfield>
            </datafield>
            <datafield tag="650" ind1=" " ind2="7">
               <subfield code="a">Gender identity.</subfield>
               <subfield code="2">fast</subfield>
               <subfield code="0">(OCoLC)fst00939593</subfield>
            </datafield>
            <datafield tag="650" ind1=" " ind2="7">
               <subfield code="a">Interpersonal relations.</subfield>
               <subfield code="2">fast</subfield>
               <subfield code="0">(OCoLC)fst00977397</subfield>
            </datafield>
            <datafield tag="650" ind1=" " ind2="7">
               <subfield code="a">Man-woman relationships.</subfield>
               <subfield code="2">fast</subfield>
               <subfield code="0">(OCoLC)fst01007080</subfield>
            </datafield>
            <datafield tag="650" ind1=" " ind2="7">
               <subfield code="a">Sex differences (Psychology)</subfield>
               <subfield code="2">fast</subfield>
               <subfield code="0">(OCoLC)fst01114336</subfield>
            </datafield>
            <datafield tag="650" ind1=" " ind2="7">
               <subfield code="a">Sex role.</subfield>
               <subfield code="2">fast</subfield>
               <subfield code="0">(OCoLC)fst01114598</subfield>
            </datafield>
            <datafield tag="650" ind1=" " ind2="7">
               <subfield code="a">Geschlechterforschung.</subfield>
               <subfield code="0">(DE-588)4482930-9</subfield>
               <subfield code="2">gnd</subfield>
            </datafield>
            <datafield tag="700" ind1="1" ind2=" ">
               <subfield code="a">Spade, Joan Z.,</subfield>
               <subfield code="e">editor.</subfield>
            </datafield>
            <datafield tag="700" ind1="1" ind2=" ">
               <subfield code="a">Valentine, Catherine G.,</subfield>
               <subfield code="e">editor.</subfield>
            </datafield>
            <datafield tag="999" ind1=" " ind2=" ">
               <subfield code="a">HQ1075.K35 2017</subfield>
               <subfield code="w">LC</subfield>
               <subfield code="c">1</subfield>
               <subfield code="i">000079045254</subfield>
               <subfield code="d">4/18/2019</subfield>
               <subfield code="e">3/7/2019</subfield>
               <subfield code="l">STACKS-BR</subfield>
               <subfield code="m">BEAVER</subfield>
               <subfield code="n">3</subfield>
               <subfield code="r">Y</subfield>
               <subfield code="s">Y</subfield>
               <subfield code="t">BOOKFLOAT</subfield>
               <subfield code="u">8/8/2016</subfield>
               <subfield code="o">.STAFF. GOBI</subfield>
            </datafield>
      </record>
    </metadata>
  </record>