
   <record> 
    <header>
      <identifier>oai:cat.libraries.psu.edu:18158414</identifier> 
      <datestamp>2022-12-16</datestamp>
      <setSpec>BOOKFLOAT</setSpec> 
    </header>
    <metadata>
      <record xmlns="http://www.loc.gov/MARC21/slim" xsi:schemaLocation="http://www.loc.gov/MARC21/slim http://www.loc.gov/standards/marcxml/schema/MARC21slim.xsd" type="Bibliographic">
         <leader>     cam  22      i 4500</leader>
         <controlfield tag="008">150401s2015    enk      b    001 0 eng  </controlfield>
            <datafield tag="010" ind1=" " ind2=" ">
               <subfield code="a">  2014050333</subfield>
            </datafield>
            <datafield tag="020" ind1=" " ind2=" ">
               <subfield code="a">9781107034112</subfield>
               <subfield code="q">(hardback)</subfield>
            </datafield>
            <datafield tag="020" ind1=" " ind2=" ">
               <subfield code="a">1107034116</subfield>
               <subfield code="q">(hardback)</subfield>
            </datafield>
            <datafield tag="020" ind1=" " ind2=" ">
               <subfield code="a">9781107652286</subfield>
            </datafield>
            <datafield tag="020" ind1=" " ind2=" ">
               <subfield code="a">1107652286</subfield>
            </datafield>
            <datafield tag="035" ind1=" " ind2=" ">
               <subfield code="a">(OCoLC)908106782</subfield>
            </datafield>
            <datafield tag="050" ind1="0" ind2="0">
               <subfield code="a">GN269</subfield>
               <subfield code="b">.W22 2015</subfield>
            </datafield>
            <datafield tag="082" ind1="0" ind2="0">
               <subfield code="a">305.8</subfield>
               <subfield code="2">23</subfield>
            </datafield>
            <datafield tag="100" ind1="1" ind2=" ">
               <subfield code="a">Wade, Peter,</subfield>
               <subfield code="d">1957-</subfield>
            </datafield>
            <datafield tag="245" ind1="1" ind2="0">
               <subfield code="a">Race :</subfield>
               <subfield code="b">an introduction /</subfield>
               <subfield code="c">Peter Wade.</subfield>
            </datafield>
            <datafield tag="264" ind1=" " ind2="1">
               <subfield code="a">Cambridge ;</subfield>
               <subfield code="a">New York :</subfield>
               <subfield code="b">Cambridge University Press,</subfield>
               <subfield code="c">2015.</subfield>
            </datafield>
            <datafield tag="300" ind1=" " ind2=" ">
               <subfield code="a">xii, 261 pages ;</subfield>
               <subfield code="c">26 cm</subfield>
            </datafield>
            <datafield tag="504" ind1=" " ind2=" ">
               <subfield code="a">Includes bibliographical references and index.</subfield>
            </datafield>
            <datafield tag="505" ind1="8" ind2=" ">
               <subfield code="a">Machine generated contents note: 1. Knowing 'race'; Part I. Race in Time: 2. Early approaches to understanding human variation; 3. From Enlightenment to eugenics; 4. Biology, culture and genomics; 5. Race in the era of cultural racism: politics and the everyday; Part II. Race in Practice: 6. Latin America: mixture and racism; 7. The United States and South Africa: segregation and desegregation; 8. Race in Europe: immigration and nation; 9. Conclusion.</subfield>
            </datafield>
            <datafield tag="520" ind1=" " ind2=" ">
               <subfield code="a">&quot;Taking a comparative approach, this textbook is a concise introduction to race. Illustrated with detailed examples from around the world, it is organised into two parts. Part One explores the historical changes in ideas about race from the ancient world to the present day, in different corners of the globe. Part Two outlines the ways in which racial difference and inequality are perceived and enacted in selected regions of the world&quot;--</subfield>
               <subfield code="c">Provided by publisher.</subfield>
            </datafield>
            <datafield tag="650" ind1=" " ind2="0">
               <subfield code="a">Race.</subfield>
            </datafield>
            <datafield tag="650" ind1=" " ind2="0">
               <subfield code="a">Genetics.</subfield>
            </datafield>
            <datafield tag="650" ind1=" " ind2="0">
               <subfield code="a">Sociobiology.</subfield>
            </datafield>
            <datafield tag="650" ind1=" " ind2="7">
               <subfield code="a">Genetics.</subfield>
               <subfield code="2">fast</subfield>
               <subfield code="0">(OCoLC)fst00940117</subfield>
            </datafield>
            <datafield tag="650" ind1=" " ind2="7">
               <subfield code="a">Race.</subfield>
               <subfield code="2">fast</subfield>
               <subfield code="0">(OCoLC)fst01086436</subfield>
            </datafield>
            <datafield tag="650" ind1=" " ind2="7">
               <subfield code="a">Sociobiology.</subfield>
               <subfield code="2">fast</subfield>
               <subfield code="0">(OCoLC)fst01123838</subfield>
            </datafield>
            <datafield tag="650" ind1=" " ind2="7">
               <subfield code="a">Rasse.</subfield>
               <subfield code="0">(DE-588)4048440-3</subfield>
               <subfield code="2">gnd</subfield>
            </datafield>
            <datafield tag="650" ind1=" " ind2="7">
               <subfield code="a">Ethnizität.</subfield>
               <subfield code="0">(DE-588)4220764-2</subfield>
               <subfield code="2">gnd</subfield>
            </datafield>
            <datafield tag="999" ind1=" " ind2=" ">
               <subfield code="a">GN269.W22 2015</subfield>
               <subfield code="w">LC</subfield>
               <subfield code="c">1</subfield>
               <subfield code="i">000079039970</subfield>
               <subfield code="d">12/12/2022</subfield>
               <subfield code="e">8/10/2022</subfield>
               <subfield code="l">STACKS-BR</subfield>
               <subfield code="m">BEAVER</subfield>
               <subfield code="n">1</subfield>
               <subfield code="r">Y</subfield>
               <subfield code="s">Y</subfield>
               <subfield code="t">BOOKFLOAT</subfield>
               <subfield code="u">8/8/2016</subfield>
               <subfield code="o">.STAFF. GOBI</subfield>
            </datafield>
      </record>
    </metadata>
  </record>