
   <record> 
    <header>
      <identifier>oai:cat.libraries.psu.edu:18158415</identifier> 
      <datestamp>2022-12-16</datestamp>
      <setSpec>BOOKFLOAT</setSpec> 
    </header>
    <metadata>
      <record xmlns="http://www.loc.gov/MARC21/slim" xsi:schemaLocation="http://www.loc.gov/MARC21/slim http://www.loc.gov/standards/marcxml/schema/MARC21slim.xsd" type="Bibliographic">
         <leader>     cam  22      i 4500</leader>
         <controlfield tag="008">151222t20162016oncac    b    001 0 eng  </controlfield>
            <datafield tag="010" ind1=" " ind2=" ">
               <subfield code="a">  2015509082</subfield>
            </datafield>
            <datafield tag="020" ind1=" " ind2=" ">
               <subfield code="a">9781442608641</subfield>
               <subfield code="q">(bound)</subfield>
            </datafield>
            <datafield tag="020" ind1=" " ind2=" ">
               <subfield code="a">1442608641</subfield>
               <subfield code="q">(bound)</subfield>
            </datafield>
            <datafield tag="020" ind1=" " ind2=" ">
               <subfield code="a">9781442608634</subfield>
               <subfield code="q">(paperback)</subfield>
            </datafield>
            <datafield tag="020" ind1=" " ind2=" ">
               <subfield code="a">1442608633</subfield>
               <subfield code="q">(paperback)</subfield>
            </datafield>
            <datafield tag="035" ind1=" " ind2=" ">
               <subfield code="a">BR12586446</subfield>
            </datafield>
            <datafield tag="035" ind1=" " ind2=" ">
               <subfield code="a">(OCoLC)911213946</subfield>
            </datafield>
            <datafield tag="050" ind1="0" ind2="0">
               <subfield code="a">GN25</subfield>
               <subfield code="b">.M83 2015</subfield>
            </datafield>
            <datafield tag="082" ind1="0" ind2="4">
               <subfield code="a">301</subfield>
               <subfield code="2">23</subfield>
            </datafield>
            <datafield tag="100" ind1="1" ind2=" ">
               <subfield code="a">Muckle, Robert James</subfield>
               <subfield code="e">author.</subfield>
            </datafield>
            <datafield tag="245" ind1="1" ind2="0">
               <subfield code="a">Through the lens of anthropology :</subfield>
               <subfield code="b">an introduction to human evolution and culture /</subfield>
               <subfield code="c">Robert Muckle and Laura Tubelle de González.</subfield>
            </datafield>
            <datafield tag="264" ind1=" " ind2="1">
               <subfield code="a">North York, Ontario, Canada :</subfield>
               <subfield code="b">University of Toronto Press,</subfield>
               <subfield code="c">[2016]</subfield>
            </datafield>
            <datafield tag="264" ind1=" " ind2="4">
               <subfield code="c">©2016</subfield>
            </datafield>
            <datafield tag="300" ind1=" " ind2=" ">
               <subfield code="a">xxv, 384 pages :</subfield>
               <subfield code="b">illustrations (chiefly colour), portraits (chiefly colour) ;</subfield>
               <subfield code="c">26 cm</subfield>
            </datafield>
            <datafield tag="504" ind1=" " ind2=" ">
               <subfield code="a">Includes bibliographical references and index.</subfield>
            </datafield>
            <datafield tag="505" ind1="0" ind2=" ">
               <subfield code="a">Machine generated contents note: ch. 1 Introduction: Viewing the World through the Lens of Anthropology -- Learning Objectives -- Introduction -- Denning Anthropology, Defining Human, and Defining Culture -- The Four Fields and Applied Anthropology -- The Anthropological Perspective -- History of Anthropology, Mostly in North America -- Situating Anthropology -- The Importance of Anthropology in an Increasingly Connected World -- Summary -- Review Questions -- Discussion Questions -- ch. 2 We Are Primates: The Primate Background -- Learning Objectives -- Introduction -- Primate Taxonomy -- Primate Evolution -- Primate Behavior -- Primates in Crisis: Ecological Stability and Critical Thinking -- Summary -- Review Questions -- Discussion Questions -- ch. 3 Evolutionary Thought and Theory -- Learning Objectives -- Introduction -- The Nature of Science -- History of Evolutionary Thought and Theory -- Modern Evolutionary Theory -- Summary -- Review Questions -- Discussion Questions -- ch. 4 Human Biological Evolution -- Learning Objectives -- Introduction -- Palaeoanthropology---Methods, Concepts, and Issues -- Defining Hominins -- Becoming Bipedal -- The First Hominins -- The Genus Homo -- Summary of Trends in Human Biological Evolution -- The Concept of Race -- Summary -- Review Questions -- Discussion Questions -- ch. 5 Human Cultural Evolution from 2.5 Million to 20,000 Years Ago -- Learning Objectives -- Introduction -- The Archaeological Record -- The Problems of Archaeological Visibility and Bias -- Overview of Cultural Evolution to 20,000 Years Ago -- Expanding Territories -- Summary -- REVIEW QUESTIONS no -- DISCUSSION QUESTIONS no -- ch. 6 Cultural Evolution from 20,000 to 5,000 Years Ago -- Learning Objectives -- Introduction -- Principal Cultural Periods -- Archaeology of North America from 20,000 to 5,000 Years Ago -- The Transition to Food Production -- Settlement and Technology -- Changes in Social and Political Systems -- Civilizations, Writing, and Art -- Summary -- Review Questions -- Discussion Questions -- ch. 7 Archaeology of the Last 5,000 Years -- Learning Objectives -- Introduction -- Ancient Civilizations -- Population Estimates, Continued Colonization, and Maintaining Diversity -- The Last 5,000 Years in North America -- Archaeology of Recent Times, Excluding Civilizations -- World Heritage -- Archaeology of the Contemporary World -- Pseudoarchaeology -- Summary -- Review Questions -- Discussion Questions -- ch. 8 Studying Culture -- Learning Objectives -- Introduction -- The Culture Concept -- Ethnocentrism and Cultural Relativism -- Cultural Adaptation and Maladaptation -- The Functions of Culture -- Personality Development -- Fieldwork Methods and Ethics -- Digital Ethnography -- Applied Anthropology -- Summary -- Review Questions -- Discussion Questions -- ch. 9 Language and Culture -- Learning Objectives -- Introduction -- Language and Communication: Signs and Symbols -- Language Origins -- Studying Language through the Lens of Anthropology -- Nonverbal Communication -- Ethnolinguistics -- Language in the Digital Age -- Language Change and Loss -- Summary -- Review Questions -- Discussion Questions -- ch. 10 Food-Getting and Economics -- Learning Objectives -- Introduction -- Adaptive Strategies: Food Foragers and Food Producers -- Food Foragers -- Economic Resources: Who Gets What and How? -- Food Producers -- The Human Diet -- Summary -- Review Questions -- Discussion Questions -- ch. 11 Marriage, Family, and Gender -- Learning Objectives -- Introduction -- Marriage -- Spouses: How Many and Who Is Eligible? -- Family Residence Patterns -- Marriage as Economic Exchange -- Kinship Descent Patterns -- Gender Roles: Patterned by Culture -- Summary -- Review Questions -- Discussion Questions -- ch. 12 Politics: Keeping Order -- Learning Objectives -- Introduction -- Use of Power -- Social Controls and Conflict Resolution -- Types of Political Organization -- Social Inequality -- Ethnic Politics -- Violence and War -- Summary -- Review Questions -- Discussion Questions -- Review Questions -- Discussion Questions -- ch. 13 Supernaturalism -- Learning Objectives -- Introduction -- Studying Belief Systems -- Sacred Roles -- Religious Practitioners -- Religious Resistance -- Supernatural Beliefs and Cultural Expression -- Summary -- Review Questions -- Discussion Questions -- ch. 14 Anthropology and Sustainability -- Learning Objectives -- Introduction -- History of Human-Environmental Issues -- Defining Sustainability -- Anthropological Approaches to Sustainability Studies -- Issues in Sustainability Studies -- How Can Anthropologists Help? -- Summary -- Review Questions -- Discussion Questions.</subfield>
            </datafield>
            <datafield tag="520" ind1=" " ind2=" ">
               <subfield code="a">&quot;This humorous and accessibly written text offers students an introductory look into the connected nature of anthropology's four major research fields: archaeology, physical, cultural, and linguistics. The goal of the book is to provide students with an appreciation of the ways in which anthropology frames the world. By viewing the world through the lens of anthropology, students will learn anthropological perspective, methods, ideas, theories, and ethics that will encourage them to become aware of and question their assumptions. The book uses textboxes throughout to highlight the key themes of food and sustainability, to demonstrate how anthropology is embedded in popular culture, and to incorporate original writings and topics of popular interest. Each chapter begins with an epigraph and includes learning objectives, a chapter summary, review and discussion questions, and a list of key terms.&quot;--</subfield>
               <subfield code="c">Provided by publisher.</subfield>
            </datafield>
            <datafield tag="530" ind1=" " ind2=" ">
               <subfield code="a">Issued also in electronic format.</subfield>
            </datafield>
            <datafield tag="650" ind1=" " ind2="0">
               <subfield code="a">Anthropology</subfield>
               <subfield code="v">Textbooks.</subfield>
            </datafield>
            <datafield tag="650" ind1=" " ind2="6">
               <subfield code="a">Anthropologie</subfield>
               <subfield code="v">Manuels d'enseignement supérieur.</subfield>
            </datafield>
            <datafield tag="650" ind1=" " ind2="7">
               <subfield code="a">Anthropology.</subfield>
               <subfield code="2">fast</subfield>
               <subfield code="0">(OCoLC)fst00810196</subfield>
            </datafield>
            <datafield tag="655" ind1=" " ind2="7">
               <subfield code="a">Textbooks.</subfield>
               <subfield code="2">fast</subfield>
               <subfield code="0">(OCoLC)fst01423863</subfield>
            </datafield>
            <datafield tag="700" ind1="1" ind2=" ">
               <subfield code="a">González, Laura Tubelle de,</subfield>
               <subfield code="d">1969-</subfield>
               <subfield code="e">author.</subfield>
            </datafield>
            <datafield tag="776" ind1="1" ind2=" ">
               <subfield code="a">Muckle, Robert James, author.</subfield>
               <subfield code="t">Through the lens of anthropology.</subfield>
               <subfield code="w">(CaOONL)20159037220</subfield>
            </datafield>
            <datafield tag="999" ind1=" " ind2=" ">
               <subfield code="a">GN25.M83 2016</subfield>
               <subfield code="w">LC</subfield>
               <subfield code="c">1</subfield>
               <subfield code="i">000079050692</subfield>
               <subfield code="d">1/25/2022</subfield>
               <subfield code="e">1/13/2017</subfield>
               <subfield code="l">STACKS-BR</subfield>
               <subfield code="m">BEAVER</subfield>
               <subfield code="n">1</subfield>
               <subfield code="r">Y</subfield>
               <subfield code="s">Y</subfield>
               <subfield code="t">BOOKFLOAT</subfield>
               <subfield code="u">8/8/2016</subfield>
               <subfield code="o">.STAFF. GOBI</subfield>
            </datafield>
      </record>
    </metadata>
  </record>