
   <record> 
    <header>
      <identifier>oai:cat.libraries.psu.edu:18158416</identifier> 
      <datestamp>2022-12-16</datestamp>
      <setSpec>BOOKFLOAT</setSpec> 
    </header>
    <metadata>
      <record xmlns="http://www.loc.gov/MARC21/slim" xsi:schemaLocation="http://www.loc.gov/MARC21/slim http://www.loc.gov/standards/marcxml/schema/MARC21slim.xsd" type="Bibliographic">
         <leader>     cam  22      a 4500</leader>
         <controlfield tag="008">150313s2016    maua     b    001 0 eng  </controlfield>
            <datafield tag="010" ind1=" " ind2=" ">
               <subfield code="a">  2015008642</subfield>
            </datafield>
            <datafield tag="020" ind1=" " ind2=" ">
               <subfield code="a">9780745688428</subfield>
               <subfield code="q">(hardcover ;</subfield>
               <subfield code="q">alkaline paper)</subfield>
            </datafield>
            <datafield tag="020" ind1=" " ind2=" ">
               <subfield code="a">074568842X</subfield>
               <subfield code="q">(hardcover ;</subfield>
               <subfield code="q">alkaline paper)</subfield>
            </datafield>
            <datafield tag="020" ind1=" " ind2=" ">
               <subfield code="a">9780745688435</subfield>
               <subfield code="q">(paperback ;</subfield>
               <subfield code="q">alkaline paper)</subfield>
            </datafield>
            <datafield tag="020" ind1=" " ind2=" ">
               <subfield code="a">0745688438</subfield>
               <subfield code="q">(paperback ;</subfield>
               <subfield code="q">alkaline paper)</subfield>
            </datafield>
            <datafield tag="035" ind1=" " ind2=" ">
               <subfield code="a">(OCoLC)922928624</subfield>
            </datafield>
            <datafield tag="050" ind1="0" ind2="0">
               <subfield code="a">GF13</subfield>
               <subfield code="b">.H84 2016</subfield>
            </datafield>
            <datafield tag="082" ind1="0" ind2="0">
               <subfield code="a">304.209</subfield>
               <subfield code="2">23</subfield>
            </datafield>
            <datafield tag="100" ind1="1" ind2=" ">
               <subfield code="a">Hughes, J. Donald</subfield>
               <subfield code="q">(Johnson Donald),</subfield>
               <subfield code="d">1932-2019</subfield>
            </datafield>
            <datafield tag="245" ind1="1" ind2="0">
               <subfield code="a">What is environmental history? /</subfield>
               <subfield code="c">J. Donald Hughes.</subfield>
            </datafield>
            <datafield tag="250" ind1=" " ind2=" ">
               <subfield code="a">Second edition.</subfield>
            </datafield>
            <datafield tag="264" ind1=" " ind2="1">
               <subfield code="a">Malden, MA :</subfield>
               <subfield code="b">Polity,</subfield>
               <subfield code="c">2016.</subfield>
            </datafield>
            <datafield tag="300" ind1=" " ind2=" ">
               <subfield code="a">vi, 203 pages :</subfield>
               <subfield code="b">illustrations ;</subfield>
               <subfield code="c">22 cm.</subfield>
            </datafield>
            <datafield tag="490" ind1="1" ind2=" ">
               <subfield code="a">What is history?</subfield>
            </datafield>
            <datafield tag="504" ind1=" " ind2=" ">
               <subfield code="a">Includes bibliographical references and index.</subfield>
            </datafield>
            <datafield tag="505" ind1="0" ind2=" ">
               <subfield code="a">Defining environmental history -- Forerunners of environmental history -- The emergence of environmental history in the United States -- Local, regional, and national environmental histories -- Global environmental history -- Issues and directions in environmental history -- Thoughts on doing environmental history -- Conclusion: The future of environmental history.</subfield>
            </datafield>
            <datafield tag="520" ind1=" " ind2=" ">
               <subfield code="a">What is environmental history? It is a kind of history that seeks understanding of human beings as they have lived, worked, and thought in relationship to the rest of nature through the changes brought by time. In this new edition of his seminal student textbook, J. Donald Hughes provides a masterful overview of the thinkers, topics, and perspectives that have come to constitute the exciting discipline that is environmental history. He does so on a global scale, drawing together disparate trends from a rich variety of countries into a unified whole, illuminating trends and key themes in the process. Those already familiar with the discipline will find themselves invited to think about the subject in a new way. This new edition has been updated to reflect recent developments, trends, and new work in environmental history, as well as a brand new note on its possible future. Students and scholars new to environmental history will find the book both an indispensable guide and a rich source of inspiration for future work. -- Back cover.</subfield>
            </datafield>
            <datafield tag="650" ind1=" " ind2="0">
               <subfield code="a">Human ecology</subfield>
               <subfield code="x">History.</subfield>
            </datafield>
            <datafield tag="650" ind1=" " ind2="0">
               <subfield code="a">Nature</subfield>
               <subfield code="x">Effect of human beings on</subfield>
               <subfield code="x">History.</subfield>
            </datafield>
            <datafield tag="650" ind1=" " ind2="0">
               <subfield code="a">Environmental degradation</subfield>
               <subfield code="x">History.</subfield>
            </datafield>
            <datafield tag="650" ind1=" " ind2="0">
               <subfield code="a">Global environmental change</subfield>
               <subfield code="x">History.</subfield>
            </datafield>
            <datafield tag="650" ind1=" " ind2="7">
               <subfield code="a">Environmental degradation.</subfield>
               <subfield code="2">fast</subfield>
               <subfield code="0">(OCoLC)fst00912877</subfield>
            </datafield>
            <datafield tag="650" ind1=" " ind2="7">
               <subfield code="a">Global environmental change.</subfield>
               <subfield code="2">fast</subfield>
               <subfield code="0">(OCoLC)fst00943478</subfield>
            </datafield>
            <datafield tag="650" ind1=" " ind2="7">
               <subfield code="a">Human ecology.</subfield>
               <subfield code="2">fast</subfield>
               <subfield code="0">(OCoLC)fst00962941</subfield>
            </datafield>
            <datafield tag="650" ind1=" " ind2="7">
               <subfield code="a">Nature</subfield>
               <subfield code="x">Effect of human beings on.</subfield>
               <subfield code="2">fast</subfield>
               <subfield code="0">(OCoLC)fst01034564</subfield>
            </datafield>
            <datafield tag="650" ind1=" " ind2="7">
               <subfield code="a">Historische Umweltforschung.</subfield>
               <subfield code="0">(DE-588)4291560-0</subfield>
               <subfield code="2">gnd</subfield>
            </datafield>
            <datafield tag="650" ind1=" " ind2="7">
               <subfield code="a">Humanökologie.</subfield>
               <subfield code="0">(DE-588)4026152-9</subfield>
               <subfield code="2">gnd</subfield>
            </datafield>
            <datafield tag="655" ind1=" " ind2="7">
               <subfield code="a">History.</subfield>
               <subfield code="2">fast</subfield>
               <subfield code="0">(OCoLC)fst01411628</subfield>
            </datafield>
            <datafield tag="830" ind1=" " ind2="0">
               <subfield code="a">What is history?</subfield>
            </datafield>
            <datafield tag="999" ind1=" " ind2=" ">
               <subfield code="a">GF13.H84 2016</subfield>
               <subfield code="w">LC</subfield>
               <subfield code="c">1</subfield>
               <subfield code="i">000079039932</subfield>
               <subfield code="d">4/16/2019</subfield>
               <subfield code="e">1/15/2019</subfield>
               <subfield code="l">STACKS-BR</subfield>
               <subfield code="m">BEAVER</subfield>
               <subfield code="n">2</subfield>
               <subfield code="r">Y</subfield>
               <subfield code="s">Y</subfield>
               <subfield code="t">BOOKFLOAT</subfield>
               <subfield code="u">8/8/2016</subfield>
               <subfield code="o">.STAFF. GOBI</subfield>
            </datafield>
      </record>
    </metadata>
  </record>