
   <record> 
    <header>
      <identifier>oai:cat.libraries.psu.edu:18158418</identifier> 
      <datestamp>2022-12-16</datestamp>
      <setSpec>BOOKFLOAT</setSpec> 
    </header>
    <metadata>
      <record xmlns="http://www.loc.gov/MARC21/slim" xsi:schemaLocation="http://www.loc.gov/MARC21/slim http://www.loc.gov/standards/marcxml/schema/MARC21slim.xsd" type="Bibliographic">
         <leader>     cam  22      a 4500</leader>
         <controlfield tag="008">160906s2016    nyu      b    001 0 eng d</controlfield>
            <datafield tag="010" ind1=" " ind2=" ">
               <subfield code="a">  2016286057</subfield>
            </datafield>
            <datafield tag="020" ind1=" " ind2=" ">
               <subfield code="a">9780525428541 (hardback)</subfield>
            </datafield>
            <datafield tag="020" ind1=" " ind2=" ">
               <subfield code="a">0525428542 (hardback)</subfield>
            </datafield>
            <datafield tag="035" ind1=" " ind2=" ">
               <subfield code="a">(OCoLC)956316520</subfield>
            </datafield>
            <datafield tag="050" ind1="0" ind2="0">
               <subfield code="a">PN3355</subfield>
               <subfield code="b">.M336 2016</subfield>
            </datafield>
            <datafield tag="082" ind1="0" ind2="4">
               <subfield code="a">808.3</subfield>
               <subfield code="2">23</subfield>
            </datafield>
            <datafield tag="100" ind1="1" ind2=" ">
               <subfield code="a">Mattison, Alice,</subfield>
               <subfield code="e">author.</subfield>
            </datafield>
            <datafield tag="245" ind1="1" ind2="4">
               <subfield code="a">The kite and the string :</subfield>
               <subfield code="b">how to write with spontaneity and control - and live to tell the tale /</subfield>
               <subfield code="c">Alice Mattison.</subfield>
            </datafield>
            <datafield tag="264" ind1=" " ind2="1">
               <subfield code="a">New York, New York :</subfield>
               <subfield code="b">Viking,</subfield>
               <subfield code="c">[2016]</subfield>
            </datafield>
            <datafield tag="300" ind1=" " ind2=" ">
               <subfield code="a">xx, 234 pages ;</subfield>
               <subfield code="c">22 cm</subfield>
            </datafield>
            <datafield tag="504" ind1=" " ind2=" ">
               <subfield code="a">Includes bibliographical references (pages 223-225) and index.</subfield>
            </datafield>
            <datafield tag="505" ind1="0" ind2=" ">
               <subfield code="a">Part I: The kite and the string -- 1. Writing with freedom and common sense -- Part II: People taking action -- 2. Imagine -- 3. What to do with a good idea -- 4. Let happenings happen -- 5. Become someone else -- Part III: Stories and books: start to finish -- 6. Recognize stories, envision books -- 7. What killed the queen? and other uncertainties that keep a reader reading -- Part IV: Choosing to speak -- 8. Silence and storytelling -- Part V: Living to tell the tale -- 9. Revising our thought bubbles.</subfield>
            </datafield>
            <datafield tag="520" ind1=" " ind2=" ">
               <subfield code="a">A targeted and insightful guide to the stages of writing fiction and memoir without falling into common traps, while wisely navigating the writing life, from an award-winning author and longtime teacher.</subfield>
            </datafield>
            <datafield tag="650" ind1=" " ind2="0">
               <subfield code="a">Fiction</subfield>
               <subfield code="x">Technique.</subfield>
            </datafield>
            <datafield tag="650" ind1=" " ind2="0">
               <subfield code="a">Fiction</subfield>
               <subfield code="x">Authorship.</subfield>
            </datafield>
            <datafield tag="650" ind1=" " ind2="7">
               <subfield code="a">Fiction</subfield>
               <subfield code="x">Authorship.</subfield>
               <subfield code="2">fast</subfield>
               <subfield code="0">(OCoLC)fst00923713</subfield>
            </datafield>
            <datafield tag="650" ind1=" " ind2="7">
               <subfield code="a">Fiction</subfield>
               <subfield code="x">Technique.</subfield>
               <subfield code="2">fast</subfield>
               <subfield code="0">(OCoLC)fst00923755</subfield>
            </datafield>
            <datafield tag="999" ind1=" " ind2=" ">
               <subfield code="a">PN3355.M336 2016</subfield>
               <subfield code="w">LC</subfield>
               <subfield code="c">1</subfield>
               <subfield code="i">000079044875</subfield>
               <subfield code="d">3/12/2018</subfield>
               <subfield code="e">3/7/2018</subfield>
               <subfield code="l">STACKS-BD</subfield>
               <subfield code="m">BEHREND</subfield>
               <subfield code="r">Y</subfield>
               <subfield code="s">Y</subfield>
               <subfield code="t">BOOKFLOAT</subfield>
               <subfield code="u">8/8/2016</subfield>
               <subfield code="o">.STAFF. GOBI</subfield>
            </datafield>
      </record>
    </metadata>
  </record>