
   <record> 
    <header>
      <identifier>oai:cat.libraries.psu.edu:18158419</identifier> 
      <datestamp>2022-12-16</datestamp>
      <setSpec>BOOKFLOAT</setSpec> 
    </header>
    <metadata>
      <record xmlns="http://www.loc.gov/MARC21/slim" xsi:schemaLocation="http://www.loc.gov/MARC21/slim http://www.loc.gov/standards/marcxml/schema/MARC21slim.xsd" type="Bibliographic">
         <leader>     nam  22      a 4500</leader>
         <controlfield tag="008">120827t20142014paua     b    001 0 eng  </controlfield>
            <datafield tag="010" ind1=" " ind2=" ">
               <subfield code="a">  2012034990</subfield>
            </datafield>
            <datafield tag="020" ind1=" " ind2=" ">
               <subfield code="a">9781609137113</subfield>
            </datafield>
            <datafield tag="020" ind1=" " ind2=" ">
               <subfield code="a">1609137116</subfield>
            </datafield>
            <datafield tag="035" ind1=" " ind2=" ">
               <subfield code="a">(OCoLC)808769532</subfield>
            </datafield>
            <datafield tag="050" ind1="0" ind2="0">
               <subfield code="a">RM262</subfield>
               <subfield code="b">.A27 2014</subfield>
            </datafield>
            <datafield tag="082" ind1="0" ind2="0">
               <subfield code="a">615.1/9</subfield>
               <subfield code="2">23</subfield>
            </datafield>
            <datafield tag="100" ind1="1" ind2=" ">
               <subfield code="a">Frandsen, Geralyn</subfield>
               <subfield code="0">http://id.loc.gov/authorities/names/n2008180793</subfield>
            </datafield>
            <datafield tag="245" ind1="1" ind2="0">
               <subfield code="a">Abrams' clinical drug therapy :</subfield>
               <subfield code="b">rationales for nursing practice /</subfield>
               <subfield code="c">Geralyn Frandsen, Sandra Smith Pennington.</subfield>
            </datafield>
            <datafield tag="246" ind1="3" ind2=" ">
               <subfield code="a">Clinical drug therapy</subfield>
            </datafield>
            <datafield tag="250" ind1=" " ind2=" ">
               <subfield code="a">10th ed.</subfield>
            </datafield>
            <datafield tag="264" ind1=" " ind2="1">
               <subfield code="a">Philadelphia :</subfield>
               <subfield code="b">Wolters Kluwer Health/Lippincott Williams &amp; Wilkins,</subfield>
               <subfield code="c">[2014]</subfield>
            </datafield>
            <datafield tag="264" ind1=" " ind2="4">
               <subfield code="c">©2014</subfield>
            </datafield>
            <datafield tag="300" ind1=" " ind2=" ">
               <subfield code="a">x viii, 1, 120 pages, 31 unnumbered pages :</subfield>
               <subfield code="b">color illustrations ;</subfield>
               <subfield code="c">28 cm</subfield>
            </datafield>
            <datafield tag="500" ind1=" " ind2=" ">
               <subfield code="a">Revised edition of: Clinical drug therapy / Anne Collins Abrams. 9th ed. c2009.</subfield>
            </datafield>
            <datafield tag="504" ind1=" " ind2=" ">
               <subfield code="a">Includes bibliographical references and index.</subfield>
            </datafield>
            <datafield tag="505" ind1="0" ind2=" ">
               <subfield code="a">The conceptual framework of pharmacology -- Basic concepts and processes -- Medication administration and the nursing process of drug therapy -- Pharmacology and the care of the infant and pediatric patient -- Pharmacology and the care of the adult and geriatric patient -- Pharmacology and the pregnant or lactating woman -- Drug therapy for coagulation disorders -- Drug therapy for dyslipidemia -- Drug therapy for hematopoietic disorders and to enhance immunity -- Drug therapy : immunizations -- Drug therapy to suppress immunity -- Drug therapy for the treatment of cancer -- Inflammation, infection, and the use of antimicrobial agents -- Drug therapy to decrease pain, fever, and inflammation -- Drug therapy with corticosteroids -- Drug therapy with beta-lactam antibacterial agents -- Drug therapy with aminoglycosides and fluoroquinolones -- Drug therapy with tetracyclines, sulfonamides, and urinary antiseptics -- Drug therapy with macrolides, ketolides, and miscellaneous anti-infective agents -- Drug therapy for tuberculosis and mycobacterium avium complex disease -- Drug therapy for viral infections -- Drug therapy for fungal infections -- Drug therapy for parasitic infections -- Drug therapy for heart failure -- Drug therapy for dysrhythmias -- Drug therapy for angina -- Drug therapy to enhance the adrenergic response -- Drug therapy for hypertension -- Drug therapy for nasal congestion -- Drug therapy to decrease histamine effects and allergic response -- Drug therapy for asthma and bronchoconstriction -- Drug therapy for fluid volume excess -- Nutritional support products, vitamins, and mineral supplements -- Drug therapy for weight management -- Drug therapy for peptic ulcer disease and gastroesophageal reflux disease -- Drug therapy for nausea and vomiting -- Drug therapy for constipation and elimination problems -- Drug therapy for diarrhea -- Drug therapy for diabetes mellitus -- Drug therapy for hyperthyroidism and hypothyroidism -- Drug therapy for pituitary and hypothalamic dysfunction -- Drug therapy to regulate calcium and bone metabolism -- Drug therapy for Addison's Disease and Cushing's Disease -- Drug therapy for women's health -- Drug therapy for men's health -- Drug therapy for Myasthenia Gravis and Alzheimer's Disease -- Drug therapy for Parkinson's Disease and Anticholinergics -- Drug therapy with opioids -- Drug therapy with local anesthetics -- Drug therapy with general anesthetics -- Drug therapy for migraines and other headaches -- Drug therapy for seizure disorders and spasticity -- Drug therapy to reduce anxiety and produce hypnosis -- Drug therapy for depression and mood stabilization -- Drug therapy for psychotic disorders -- Drug therapy to stimulate the central nervous system -- Drug therapy for substance abuse disorders -- Drug therapy for disorders of the eye -- Drug therapy for disorders of the ear -- Drug therapy for disorders of the skin.</subfield>
            </datafield>
            <datafield tag="650" ind1=" " ind2="0">
               <subfield code="a">Chemotherapy.</subfield>
               <subfield code="0">http://id.loc.gov/authorities/subjects/sh85023041</subfield>
            </datafield>
            <datafield tag="650" ind1=" " ind2="0">
               <subfield code="a">Drugs.</subfield>
               <subfield code="0">http://id.loc.gov/authorities/subjects/sh85039719</subfield>
            </datafield>
            <datafield tag="650" ind1=" " ind2="0">
               <subfield code="a">Nursing.</subfield>
               <subfield code="0">http://id.loc.gov/authorities/subjects/sh85093362</subfield>
            </datafield>
            <datafield tag="650" ind1="1" ind2="2">
               <subfield code="a">Pharmaceutical Preparations</subfield>
               <subfield code="0">https://id.nlm.nih.gov/mesh/D004364</subfield>
            </datafield>
            <datafield tag="650" ind1="2" ind2="2">
               <subfield code="a">Pharmacological Phenomena</subfield>
               <subfield code="0">https://id.nlm.nih.gov/mesh/D000069437</subfield>
            </datafield>
            <datafield tag="650" ind1="2" ind2="2">
               <subfield code="a">Drug Therapy</subfield>
               <subfield code="0">https://id.nlm.nih.gov/mesh/D004358</subfield>
            </datafield>
            <datafield tag="650" ind1=" " ind2="7">
               <subfield code="a">Chemotherapy.</subfield>
               <subfield code="2">fast</subfield>
               <subfield code="0">(OCoLC)fst00853595</subfield>
            </datafield>
            <datafield tag="650" ind1=" " ind2="7">
               <subfield code="a">Drugs.</subfield>
               <subfield code="2">fast</subfield>
               <subfield code="0">(OCoLC)fst00898761</subfield>
            </datafield>
            <datafield tag="650" ind1=" " ind2="7">
               <subfield code="a">Nursing.</subfield>
               <subfield code="2">fast</subfield>
               <subfield code="0">(OCoLC)fst01041731</subfield>
            </datafield>
            <datafield tag="655" ind1=" " ind2="2">
               <subfield code="a">Nurses' Instruction.</subfield>
               <subfield code="0">https://id.nlm.nih.gov/mesh/D020488</subfield>
            </datafield>
            <datafield tag="700" ind1="1" ind2=" ">
               <subfield code="a">Pennington, Sandra Smith.</subfield>
               <subfield code="0">http://id.loc.gov/authorities/names/n88185846</subfield>
            </datafield>
            <datafield tag="700" ind1="1" ind2=" ">
               <subfield code="a">Abrams, Anne Collins.</subfield>
               <subfield code="t">Clinical drug therapy.</subfield>
            </datafield>
            <datafield tag="999" ind1=" " ind2=" ">
               <subfield code="a">RM262.A27 2014</subfield>
               <subfield code="w">LC</subfield>
               <subfield code="c">1</subfield>
               <subfield code="i">000078425613</subfield>
               <subfield code="d">8/31/2022</subfield>
               <subfield code="e">8/29/2022</subfield>
               <subfield code="l">STACKS-HB3</subfield>
               <subfield code="m">HARRISBURG</subfield>
               <subfield code="n">2</subfield>
               <subfield code="r">Y</subfield>
               <subfield code="s">Y</subfield>
               <subfield code="t">BOOKFLOAT</subfield>
               <subfield code="u">8/8/2016</subfield>
               <subfield code="o">.STAFF. GOBI</subfield>
            </datafield>
      </record>
    </metadata>
  </record>