
   <record> 
    <header>
      <identifier>oai:cat.libraries.psu.edu:18158422</identifier> 
      <datestamp>2022-12-16</datestamp>
      <setSpec>BOOKFLOAT</setSpec> 
    </header>
    <metadata>
      <record xmlns="http://www.loc.gov/MARC21/slim" xsi:schemaLocation="http://www.loc.gov/MARC21/slim http://www.loc.gov/standards/marcxml/schema/MARC21slim.xsd" type="Bibliographic">
         <leader>     cam  22      a 4500</leader>
         <controlfield tag="008">160510s2016    txua     f    001 0 eng d</controlfield>
            <datafield tag="020" ind1=" " ind2=" ">
               <subfield code="a">9781616694241</subfield>
            </datafield>
            <datafield tag="020" ind1=" " ind2=" ">
               <subfield code="a">1616694246</subfield>
            </datafield>
            <datafield tag="035" ind1=" " ind2=" ">
               <subfield code="a">(OCoLC)949278338</subfield>
            </datafield>
            <datafield tag="245" ind1="0" ind2="0">
               <subfield code="a">Heartsaver first aid CPR AED :</subfield>
               <subfield code="b">student workbook /</subfield>
               <subfield code="c">American Heart Association.</subfield>
            </datafield>
            <datafield tag="264" ind1=" " ind2="1">
               <subfield code="a">Dallas, Texas :</subfield>
               <subfield code="b">American Heart Association,</subfield>
               <subfield code="c">[2016]</subfield>
            </datafield>
            <datafield tag="300" ind1=" " ind2=" ">
               <subfield code="a">vii, 132 pages :</subfield>
               <subfield code="b">illustrations ;</subfield>
               <subfield code="c">28 cm</subfield>
            </datafield>
            <datafield tag="505" ind1="0" ind2=" ">
               <subfield code="a">First aid basics -- Medical emergencies -- Injury emergencies -- Environmental emergencies -- CPR and AED -- Conclusion.</subfield>
            </datafield>
            <datafield tag="520" ind1=" " ind2=" ">
               <subfield code="a">A workbook for students taking the American Heart Association's Heartsaver First Aid CPR AED course. Covers first aid basics, CPR for adults and how to use an AED.</subfield>
            </datafield>
            <datafield tag="650" ind1=" " ind2="0">
               <subfield code="a">First aid in illness and injury</subfield>
               <subfield code="v">Handbooks, manuals, etc.</subfield>
               <subfield code="0">http://id.loc.gov/authorities/subjects/sh2008103808</subfield>
            </datafield>
            <datafield tag="650" ind1=" " ind2="0">
               <subfield code="a">CPR (First aid)</subfield>
               <subfield code="0">http://id.loc.gov/authorities/subjects/sh85033691</subfield>
            </datafield>
            <datafield tag="650" ind1=" " ind2="0">
               <subfield code="a">Defibrillators.</subfield>
               <subfield code="0">http://id.loc.gov/authorities/subjects/sh85036450</subfield>
            </datafield>
            <datafield tag="650" ind1=" " ind2="0">
               <subfield code="a">Automated external defibrillation.</subfield>
               <subfield code="0">http://id.loc.gov/authorities/subjects/sh2004000522</subfield>
            </datafield>
            <datafield tag="650" ind1=" " ind2="0">
               <subfield code="a">Accidents</subfield>
               <subfield code="x">Treatment.</subfield>
            </datafield>
            <datafield tag="650" ind1=" " ind2="0">
               <subfield code="a">Wounds and injuries</subfield>
               <subfield code="x">Treatment.</subfield>
               <subfield code="0">http://id.loc.gov/authorities/subjects/sh85148593</subfield>
            </datafield>
            <datafield tag="650" ind1=" " ind2="2">
               <subfield code="a">Accidents</subfield>
               <subfield code="0">https://id.nlm.nih.gov/mesh/D000059</subfield>
            </datafield>
            <datafield tag="650" ind1=" " ind2="2">
               <subfield code="a">Cardiopulmonary Resuscitation</subfield>
               <subfield code="0">https://id.nlm.nih.gov/mesh/D016887</subfield>
            </datafield>
            <datafield tag="650" ind1=" " ind2="2">
               <subfield code="a">Emergencies</subfield>
               <subfield code="0">https://id.nlm.nih.gov/mesh/D004630</subfield>
            </datafield>
            <datafield tag="650" ind1=" " ind2="2">
               <subfield code="a">First Aid</subfield>
               <subfield code="0">https://id.nlm.nih.gov/mesh/D005392</subfield>
            </datafield>
            <datafield tag="650" ind1=" " ind2="2">
               <subfield code="a">Wounds and Injuries</subfield>
               <subfield code="x">therapy</subfield>
               <subfield code="0">https://id.nlm.nih.gov/mesh/D014947Q000628</subfield>
            </datafield>
            <datafield tag="710" ind1="2" ind2=" ">
               <subfield code="a">American Heart Association.</subfield>
               <subfield code="0">http://id.loc.gov/authorities/names/n79007195</subfield>
            </datafield>
            <datafield tag="999" ind1=" " ind2=" ">
               <subfield code="a">RC86.8.H43 2016</subfield>
               <subfield code="w">LC</subfield>
               <subfield code="c">1</subfield>
               <subfield code="i">000078425545</subfield>
               <subfield code="d">3/22/2017</subfield>
               <subfield code="e">3/13/2017</subfield>
               <subfield code="f">3/22/2017</subfield>
               <subfield code="g">1</subfield>
               <subfield code="l">STACKS-HB3</subfield>
               <subfield code="m">HARRISBURG</subfield>
               <subfield code="n">1</subfield>
               <subfield code="r">Y</subfield>
               <subfield code="s">Y</subfield>
               <subfield code="t">BOOKFLOAT</subfield>
               <subfield code="u">8/8/2016</subfield>
               <subfield code="o">.STAFF. GOBI</subfield>
            </datafield>
      </record>
    </metadata>
  </record>