
   <record> 
    <header>
      <identifier>oai:cat.libraries.psu.edu:18158424</identifier> 
      <datestamp>2022-12-16</datestamp>
      <setSpec>BOOKFLOAT</setSpec> 
    </header>
    <metadata>
      <record xmlns="http://www.loc.gov/MARC21/slim" xsi:schemaLocation="http://www.loc.gov/MARC21/slim http://www.loc.gov/standards/marcxml/schema/MARC21slim.xsd" type="Bibliographic">
         <leader>     cam  22     Ii 4500</leader>
         <controlfield tag="008">160316t20162016flu      b    000 0 eng  </controlfield>
            <datafield tag="010" ind1=" " ind2=" ">
               <subfield code="a">  2016003143</subfield>
            </datafield>
            <datafield tag="020" ind1=" " ind2=" ">
               <subfield code="a">9781630060589</subfield>
               <subfield code="q">(hardback)</subfield>
            </datafield>
            <datafield tag="020" ind1=" " ind2=" ">
               <subfield code="a">1630060585</subfield>
               <subfield code="q">(hardback)</subfield>
            </datafield>
            <datafield tag="035" ind1=" " ind2=" ">
               <subfield code="a">(OCoLC)945121356</subfield>
            </datafield>
            <datafield tag="050" ind1="0" ind2="0">
               <subfield code="a">JK526 2016</subfield>
               <subfield code="b">.M67 2016</subfield>
            </datafield>
            <datafield tag="082" ind1="0" ind2="0">
               <subfield code="a">324.973/0932</subfield>
               <subfield code="2">23</subfield>
            </datafield>
            <datafield tag="100" ind1="1" ind2=" ">
               <subfield code="a">Morris, Dick,</subfield>
               <subfield code="e">author.</subfield>
            </datafield>
            <datafield tag="245" ind1="1" ind2="0">
               <subfield code="a">Armageddon :</subfield>
               <subfield code="b">how Trump can beat Hillary /</subfield>
               <subfield code="c">Dick Morris, Eileen McGann.</subfield>
            </datafield>
            <datafield tag="264" ind1=" " ind2="1">
               <subfield code="a">West Palm Beach, FL :</subfield>
               <subfield code="b">Humanix Books,</subfield>
               <subfield code="c">[2016]</subfield>
            </datafield>
            <datafield tag="264" ind1=" " ind2="4">
               <subfield code="c">©2016</subfield>
            </datafield>
            <datafield tag="300" ind1=" " ind2=" ">
               <subfield code="a">xv, 238 pages ;</subfield>
               <subfield code="c">24 cm</subfield>
            </datafield>
            <datafield tag="504" ind1=" " ind2=" ">
               <subfield code="a">Includes bibliographical references (pages 225-238).</subfield>
            </datafield>
            <datafield tag="505" ind1="0" ind2=" ">
               <subfield code="a">A dozen reasons Hillary Clinton should not be president -- How to beat Hillary -- Use the right jab to bring out our base -- Throw the left hook! Destroy the Obama/Hillary base -- Peel away Hillary's base constituencies -- Can Donald Trump win?</subfield>
            </datafield>
            <datafield tag="520" ind1=" " ind2=" ">
               <subfield code="a">Political commentator Dick Morris provides a strategy and position on the issues for Republicans to attract crucial new voters to the party in order to win back the White House in 2016 and put an end to the Obama agenda. At stake is the vision of America as a free market democracy offering opportunity to our citizens and leading the world as a force of freedom. 2016 will be the decisive battle in the struggle against socialist uniformity, collective anti-individualism, executive usurpation, and political corruption. Republicans lost the elections of 2008 and 2012 because we ran our campaigns following the same mold that produced victories in the prior decade. The party stayed within its base, failed to reach out to new voters, and did nothing to inject new issues. In order to win in 2016, Republicans must turn the process around and focus on those unlikely new voters -- black, latino, young, and female. By using new issues, attracting new voters, and offering new alternatives, Republicans can win the election of 2016 and save America!</subfield>
            </datafield>
            <datafield tag="600" ind1="1" ind2="0">
               <subfield code="a">Trump, Donald,</subfield>
               <subfield code="d">1946-</subfield>
            </datafield>
            <datafield tag="600" ind1="1" ind2="0">
               <subfield code="a">Clinton, Hillary Rodham.</subfield>
            </datafield>
            <datafield tag="600" ind1="1" ind2="7">
               <subfield code="a">Clinton, Hillary Rodham</subfield>
               <subfield code="2">fast</subfield>
               <subfield code="0">(OCoLC)fst00316468</subfield>
            </datafield>
            <datafield tag="600" ind1="1" ind2="7">
               <subfield code="a">Trump, Donald,</subfield>
               <subfield code="d">1946-</subfield>
               <subfield code="2">fast</subfield>
               <subfield code="0">(OCoLC)fst00174117</subfield>
            </datafield>
            <datafield tag="610" ind1="2" ind2="0">
               <subfield code="a">Republican Party (U.S. : 1854- )</subfield>
            </datafield>
            <datafield tag="610" ind1="2" ind2="7">
               <subfield code="a">Republican Party (U.S. : 1854- )</subfield>
               <subfield code="2">fast</subfield>
               <subfield code="0">(OCoLC)fst00544975</subfield>
            </datafield>
            <datafield tag="650" ind1=" " ind2="0">
               <subfield code="a">Conservatism</subfield>
               <subfield code="z">United States.</subfield>
            </datafield>
            <datafield tag="650" ind1=" " ind2="7">
               <subfield code="a">POLITICAL SCIENCE</subfield>
               <subfield code="x">Government</subfield>
               <subfield code="x">Executive Branch.</subfield>
               <subfield code="2">bisacsh</subfield>
            </datafield>
            <datafield tag="650" ind1=" " ind2="7">
               <subfield code="a">POLITICAL SCIENCE</subfield>
               <subfield code="x">Political Process</subfield>
               <subfield code="x">Leadership.</subfield>
               <subfield code="2">bisacsh</subfield>
            </datafield>
            <datafield tag="650" ind1=" " ind2="7">
               <subfield code="a">Politics and government.</subfield>
               <subfield code="2">fast</subfield>
               <subfield code="0">(OCoLC)fst01919741</subfield>
            </datafield>
            <datafield tag="650" ind1=" " ind2="7">
               <subfield code="a">Presidents</subfield>
               <subfield code="x">Election.</subfield>
               <subfield code="2">fast</subfield>
               <subfield code="0">(OCoLC)fst01075747</subfield>
            </datafield>
            <datafield tag="650" ind1=" " ind2="0">
               <subfield code="a">Presidents</subfield>
               <subfield code="z">United States</subfield>
               <subfield code="x">Election</subfield>
               <subfield code="y">2016.</subfield>
            </datafield>
            <datafield tag="651" ind1=" " ind2="7">
               <subfield code="a">United States.</subfield>
               <subfield code="2">fast</subfield>
               <subfield code="0">(OCoLC)fst01204155</subfield>
            </datafield>
            <datafield tag="651" ind1=" " ind2="0">
               <subfield code="a">United States</subfield>
               <subfield code="x">Politics and government</subfield>
               <subfield code="y">2009-2017</subfield>
            </datafield>
            <datafield tag="700" ind1="1" ind2=" ">
               <subfield code="a">McGann, Eileen,</subfield>
               <subfield code="e">author.</subfield>
            </datafield>
            <datafield tag="776" ind1="0" ind2="8">
               <subfield code="i">Online version:</subfield>
               <subfield code="a">Morris, Dick, author.</subfield>
               <subfield code="t">Armageddon.</subfield>
               <subfield code="d">West Palm Beach, FL : Humanix Books, 2016</subfield>
               <subfield code="z">9781630060596</subfield>
               <subfield code="w">(DLC)  2016013325</subfield>
            </datafield>
            <datafield tag="999" ind1=" " ind2=" ">
               <subfield code="a">JK526 2016.M67 2016</subfield>
               <subfield code="w">LC</subfield>
               <subfield code="c">1</subfield>
               <subfield code="i">000079039567</subfield>
               <subfield code="d">11/10/2016</subfield>
               <subfield code="e">10/13/2016</subfield>
               <subfield code="l">STACKS-HB3</subfield>
               <subfield code="m">HARRISBURG</subfield>
               <subfield code="n">2</subfield>
               <subfield code="r">Y</subfield>
               <subfield code="s">Y</subfield>
               <subfield code="t">BOOKFLOAT</subfield>
               <subfield code="u">8/8/2016</subfield>
               <subfield code="o">.STAFF. GOBI</subfield>
            </datafield>
      </record>
    </metadata>
  </record>