
   <record> 
    <header>
      <identifier>oai:cat.libraries.psu.edu:18158425</identifier> 
      <datestamp>2022-12-16</datestamp>
      <setSpec>BOOKFLOAT</setSpec> 
    </header>
    <metadata>
      <record xmlns="http://www.loc.gov/MARC21/slim" xsi:schemaLocation="http://www.loc.gov/MARC21/slim http://www.loc.gov/standards/marcxml/schema/MARC21slim.xsd" type="Bibliographic">
         <leader>     cam  22      i 4500</leader>
         <controlfield tag="008">160709t20162016dcuacf   b    001 0deng d</controlfield>
            <datafield tag="020" ind1=" " ind2=" ">
               <subfield code="a">9781621573470</subfield>
               <subfield code="q">(hardcover)</subfield>
            </datafield>
            <datafield tag="020" ind1=" " ind2=" ">
               <subfield code="a">1621573478</subfield>
               <subfield code="q">(hardcover)</subfield>
            </datafield>
            <datafield tag="035" ind1=" " ind2=" ">
               <subfield code="a">(OCoLC)953345054</subfield>
            </datafield>
            <datafield tag="050" ind1="1" ind2="4">
               <subfield code="a">E887.C55</subfield>
               <subfield code="b">D76 2016</subfield>
            </datafield>
            <datafield tag="082" ind1="0" ind2="4">
               <subfield code="a">973.929092</subfield>
               <subfield code="a">[B]</subfield>
               <subfield code="2">23</subfield>
            </datafield>
            <datafield tag="082" ind1="0" ind2="4">
               <subfield code="a">327.730092</subfield>
               <subfield code="2">23</subfield>
            </datafield>
            <datafield tag="100" ind1="1" ind2=" ">
               <subfield code="a">D'Souza, Dinesh,</subfield>
               <subfield code="d">1961-</subfield>
               <subfield code="e">author.</subfield>
            </datafield>
            <datafield tag="245" ind1="1" ind2="0">
               <subfield code="a">Hillary's America :</subfield>
               <subfield code="b">the secret history of the Democratic Party /</subfield>
               <subfield code="c">Dinesh D'Souza.</subfield>
            </datafield>
            <datafield tag="264" ind1=" " ind2="1">
               <subfield code="a">Washington, DC :</subfield>
               <subfield code="b">Regnery Publishing, a division of Salem Media Group,</subfield>
               <subfield code="c">[2016]</subfield>
            </datafield>
            <datafield tag="264" ind1=" " ind2="4">
               <subfield code="c">©2016</subfield>
            </datafield>
            <datafield tag="300" ind1=" " ind2=" ">
               <subfield code="a">294 pages, 16 unnumbered pages of plates :</subfield>
               <subfield code="b">illustrations (some color), portraits (some color) ;</subfield>
               <subfield code="c">24 cm</subfield>
            </datafield>
            <datafield tag="504" ind1=" " ind2=" ">
               <subfield code="a">Includes bibliographical references (pages 271-280) and index.</subfield>
            </datafield>
            <datafield tag="505" ind1="0" ind2=" ">
               <subfield code="a">The Hillary enigma -- The land stealer -- Party of slavery -- Segregation now, segregation forever -- The problem of useless people -- Progressivism über alles -- The education of a mafiosa -- The enabler -- Partners in crime -- Republicans to the rescue.</subfield>
            </datafield>
            <datafield tag="520" ind1=" " ind2=" ">
               <subfield code="a">Dinesh D'Souza has a warning: We are on the brink of losing our country forever. After eight years of Obama, four years -- or possibly eight years -- of Hillary Clinton as president of the United States would so utterly transform America as to make it unrecognizable. No more will America be a land of opportunity. Instead, it will be a land of rapacious crony capitalism, run solely for the benefit of friends of the Obamas and the Clintons and the Democratic Party. It will, in fact, be the fulfillment of a dream the Democratic Party has had from the beginning... a dream of stealing America for the politically favored few. D'Souza presents the sordid truth about Hillary and the secret history of the Democratic Party, including how Democrats transitioned from pro-slavery to pro-enslavement; the long-standing Democratic political war against women; how Hillary Clinton's political mentor was, literally, a cold-blooded gangster; how the Clintons and other Democrats see foreign policy not in terms of national interest, but in terms of personal profit; how Democratically controlled cities have turned into hotbeds of crime and corruption; and much, much more.</subfield>
            </datafield>
            <datafield tag="600" ind1="1" ind2="0">
               <subfield code="a">Clinton, Hillary Rodham.</subfield>
            </datafield>
            <datafield tag="600" ind1="1" ind2="7">
               <subfield code="a">Clinton, Hillary Rodham</subfield>
               <subfield code="2">fast</subfield>
               <subfield code="0">(OCoLC)fst00316468</subfield>
            </datafield>
            <datafield tag="610" ind1="2" ind2="0">
               <subfield code="a">Democratic Party (U.S.)</subfield>
            </datafield>
            <datafield tag="610" ind1="2" ind2="7">
               <subfield code="a">Democratic Party (U.S.)</subfield>
               <subfield code="2">fast</subfield>
               <subfield code="0">(OCoLC)fst00532710</subfield>
            </datafield>
            <datafield tag="650" ind1=" " ind2="0">
               <subfield code="a">Presidential candidates</subfield>
               <subfield code="z">United States.</subfield>
            </datafield>
            <datafield tag="650" ind1=" " ind2="0">
               <subfield code="a">Political corruption</subfield>
               <subfield code="z">United States.</subfield>
            </datafield>
            <datafield tag="650" ind1=" " ind2="0">
               <subfield code="a">Presidents</subfield>
               <subfield code="z">United States</subfield>
               <subfield code="x">Election</subfield>
               <subfield code="y">2016.</subfield>
            </datafield>
            <datafield tag="650" ind1=" " ind2="7">
               <subfield code="a">Presidential candidates.</subfield>
               <subfield code="2">fast</subfield>
               <subfield code="0">(OCoLC)fst01075708</subfield>
            </datafield>
            <datafield tag="650" ind1=" " ind2="7">
               <subfield code="a">Presidents</subfield>
               <subfield code="x">Election.</subfield>
               <subfield code="2">fast</subfield>
               <subfield code="0">(OCoLC)fst01075747</subfield>
            </datafield>
            <datafield tag="650" ind1=" " ind2="7">
               <subfield code="a">Women presidential candidates.</subfield>
               <subfield code="2">fast</subfield>
               <subfield code="0">(OCoLC)fst01178389</subfield>
            </datafield>
            <datafield tag="650" ind1=" " ind2="0">
               <subfield code="a">Women presidential candidates</subfield>
               <subfield code="z">United States.</subfield>
            </datafield>
            <datafield tag="651" ind1=" " ind2="7">
               <subfield code="a">United States.</subfield>
               <subfield code="2">fast</subfield>
               <subfield code="0">(OCoLC)fst01204155</subfield>
            </datafield>
            <datafield tag="999" ind1=" " ind2=" ">
               <subfield code="a">E887.C55D76 2016</subfield>
               <subfield code="w">LC</subfield>
               <subfield code="c">1</subfield>
               <subfield code="i">000079039536</subfield>
               <subfield code="d">3/27/2018</subfield>
               <subfield code="e">7/22/2017</subfield>
               <subfield code="l">STACKS-HB2</subfield>
               <subfield code="m">HARRISBURG</subfield>
               <subfield code="n">5</subfield>
               <subfield code="r">Y</subfield>
               <subfield code="s">Y</subfield>
               <subfield code="t">BOOKFLOAT</subfield>
               <subfield code="u">8/8/2016</subfield>
               <subfield code="o">.STAFF. GOBI</subfield>
            </datafield>
      </record>
    </metadata>
  </record>