
   <record> 
    <header>
      <identifier>oai:cat.libraries.psu.edu:18158426</identifier> 
      <datestamp>2022-12-16</datestamp>
      <setSpec>BOOK</setSpec> 
      <setSpec>BOOKFLOAT</setSpec> 
    </header>
    <metadata>
      <record xmlns="http://www.loc.gov/MARC21/slim" xsi:schemaLocation="http://www.loc.gov/MARC21/slim http://www.loc.gov/standards/marcxml/schema/MARC21slim.xsd" type="Bibliographic">
         <leader>     nam  22     Ii 4500</leader>
         <controlfield tag="008">160912t20162016nyu      b    000 0aeng d</controlfield>
            <datafield tag="010" ind1=" " ind2=" ">
               <subfield code="a">  2016304613</subfield>
            </datafield>
            <datafield tag="020" ind1=" " ind2=" ">
               <subfield code="a">9780062300546</subfield>
               <subfield code="q">(hardback)</subfield>
            </datafield>
            <datafield tag="020" ind1=" " ind2=" ">
               <subfield code="a">0062300547</subfield>
               <subfield code="q">(hardback)</subfield>
            </datafield>
            <datafield tag="020" ind1=" " ind2=" ">
               <subfield code="a">9780008220556</subfield>
               <subfield code="q">(paperback)</subfield>
            </datafield>
            <datafield tag="020" ind1=" " ind2=" ">
               <subfield code="a">0008220557</subfield>
               <subfield code="q">(paperback)</subfield>
            </datafield>
            <datafield tag="035" ind1=" " ind2=" ">
               <subfield code="a">(OCoLC)952097610</subfield>
            </datafield>
            <datafield tag="050" ind1="0" ind2="0">
               <subfield code="a">HD8073.V37</subfield>
               <subfield code="b">A3 2016</subfield>
            </datafield>
            <datafield tag="082" ind1="0" ind2="0">
               <subfield code="a">305.5/62089090092</subfield>
               <subfield code="a">B</subfield>
               <subfield code="2">23</subfield>
            </datafield>
            <datafield tag="100" ind1="1" ind2=" ">
               <subfield code="a">Vance, J. D.,</subfield>
               <subfield code="e">author.</subfield>
               <subfield code="0">http://id.loc.gov/authorities/names/no2016097284</subfield>
            </datafield>
            <datafield tag="245" ind1="1" ind2="0">
               <subfield code="a">Hillbilly elegy :</subfield>
               <subfield code="b">a memoir of a family and culture in crisis /</subfield>
               <subfield code="c">J.D. Vance.</subfield>
            </datafield>
            <datafield tag="246" ind1="3" ind2="0">
               <subfield code="a">Memoir of a family and culture in crisis</subfield>
            </datafield>
            <datafield tag="250" ind1=" " ind2=" ">
               <subfield code="a">First edition.</subfield>
            </datafield>
            <datafield tag="264" ind1=" " ind2="1">
               <subfield code="a">New York, NY :</subfield>
               <subfield code="b">Harper, an imprint of HarperCollinsPublishers,</subfield>
               <subfield code="c">[2016]</subfield>
            </datafield>
            <datafield tag="264" ind1=" " ind2="4">
               <subfield code="c">©2016</subfield>
            </datafield>
            <datafield tag="300" ind1=" " ind2=" ">
               <subfield code="a">6 unnumbered pages, 264 pages ;</subfield>
               <subfield code="c">24 cm</subfield>
            </datafield>
            <datafield tag="504" ind1=" " ind2=" ">
               <subfield code="a">Includes bibliographical references (pages 263-264).</subfield>
            </datafield>
            <datafield tag="520" ind1=" " ind2=" ">
               <subfield code="a">Vance, a former marine and Yale Law School graduate, provides an account of growing up in a poor Rust Belt town that offers a broader, probing look at the struggles of America's white working class. The decline of this group, a demographic of our country that has been slowly disintegrating over forty years, has been reported on with growing frequency and alarm. J.D. Vance tells the true story of what a social, regional, and class decline feels like when you were born with it hung around your neck. The Vance family story begins hopefully in postwar America. J.D.'s grandparents were &quot;dirt poor and in love, &quot; and moved north from Kentucky's Appalachia region to Ohio in the hopes of escaping the dreadful poverty around them. They raised a middle-class family, and eventually their grandchild (the author) would graduate from Yale Law School, a conventional marker of their success in achieving generational upward mobility. But as the family saga of Hillbilly Elegy plays out, we learn that this is only the short, superficial version. Vance's grandparents, aunt, uncle, sister, and, most of all, his mother, struggled profoundly with the demands of their new middle-class life, and were never able to fully escape the legacy of abuse, alcoholism, poverty, and trauma so characteristic of their part of America--Publisher's website.</subfield>
            </datafield>
            <datafield tag="586" ind1=" " ind2=" ">
               <subfield code="a">#1 New York Times Bestseller</subfield>
            </datafield>
            <datafield tag="600" ind1="1" ind2="0">
               <subfield code="a">Vance, J. D.</subfield>
               <subfield code="0">http://id.loc.gov/authorities/names/no2016097284</subfield>
            </datafield>
            <datafield tag="600" ind1="1" ind2="0">
               <subfield code="a">Vance, J. D.</subfield>
               <subfield code="x">Family.</subfield>
            </datafield>
            <datafield tag="600" ind1="1" ind2="7">
               <subfield code="a">Weise, ...</subfield>
               <subfield code="2">gnd</subfield>
            </datafield>
            <datafield tag="600" ind1="1" ind2="7">
               <subfield code="a">Vance, J. D.</subfield>
               <subfield code="2">sears</subfield>
            </datafield>
            <datafield tag="600" ind1="1" ind2="7">
               <subfield code="a">Vance, J. D.</subfield>
               <subfield code="x">Family.</subfield>
               <subfield code="2">sears</subfield>
            </datafield>
            <datafield tag="610" ind1="2" ind2="7">
               <subfield code="a">Umschulungswerkstätten für Siedler und Auswanderer</subfield>
               <subfield code="g">Bitterfeld.</subfield>
               <subfield code="2">gnd</subfield>
            </datafield>
            <datafield tag="650" ind1=" " ind2="0">
               <subfield code="a">Working class white people</subfield>
               <subfield code="z">United States</subfield>
               <subfield code="v">Biography.</subfield>
            </datafield>
            <datafield tag="650" ind1=" " ind2="0">
               <subfield code="a">Working class white people</subfield>
               <subfield code="z">United States</subfield>
               <subfield code="x">Social conditions.</subfield>
            </datafield>
            <datafield tag="650" ind1=" " ind2="0">
               <subfield code="a">Mountain people</subfield>
               <subfield code="z">Kentucky</subfield>
               <subfield code="x">Social conditions.</subfield>
            </datafield>
            <datafield tag="650" ind1=" " ind2="0">
               <subfield code="a">Social mobility</subfield>
               <subfield code="z">United States</subfield>
               <subfield code="v">Case studies.</subfield>
            </datafield>
            <datafield tag="650" ind1=" " ind2="7">
               <subfield code="a">SOCIAL SCIENCE</subfield>
               <subfield code="x">Poverty &amp; Homelessness.</subfield>
               <subfield code="2">bisacsh</subfield>
            </datafield>
            <datafield tag="650" ind1=" " ind2="7">
               <subfield code="a">SOCIAL SCIENCE</subfield>
               <subfield code="x">Sociology</subfield>
               <subfield code="x">Rural.</subfield>
               <subfield code="2">bisacsh</subfield>
            </datafield>
            <datafield tag="650" ind1=" " ind2="7">
               <subfield code="a">Armut.</subfield>
               <subfield code="2">gnd</subfield>
            </datafield>
            <datafield tag="650" ind1=" " ind2="7">
               <subfield code="a">Ausgrenzung.</subfield>
               <subfield code="2">gnd</subfield>
            </datafield>
            <datafield tag="650" ind1=" " ind2="7">
               <subfield code="a">Kleinstadt.</subfield>
               <subfield code="2">gnd</subfield>
            </datafield>
            <datafield tag="650" ind1=" " ind2="7">
               <subfield code="a">Arbeiterklasse.</subfield>
               <subfield code="2">gnd</subfield>
            </datafield>
            <datafield tag="650" ind1=" " ind2="7">
               <subfield code="a">Arbeitssoziologie.</subfield>
               <subfield code="2">gnd</subfield>
            </datafield>
            <datafield tag="650" ind1=" " ind2="7">
               <subfield code="a">Familiensoziologie.</subfield>
               <subfield code="2">gnd</subfield>
            </datafield>
            <datafield tag="650" ind1=" " ind2="7">
               <subfield code="a">Sozialer Wandel.</subfield>
               <subfield code="2">gnd</subfield>
            </datafield>
            <datafield tag="650" ind1=" " ind2="7">
               <subfield code="a">Working class</subfield>
               <subfield code="z">United States</subfield>
               <subfield code="v">Biography.</subfield>
               <subfield code="2">sears</subfield>
            </datafield>
            <datafield tag="650" ind1=" " ind2="7">
               <subfield code="a">Working class</subfield>
               <subfield code="z">United States</subfield>
               <subfield code="x">Social conditions.</subfield>
               <subfield code="2">sears</subfield>
            </datafield>
            <datafield tag="651" ind1=" " ind2="7">
               <subfield code="a">Appalachen-Gebiet.</subfield>
               <subfield code="2">gnd</subfield>
            </datafield>
            <datafield tag="651" ind1=" " ind2="7">
               <subfield code="a">Appalachian Region</subfield>
               <subfield code="x">Economic conditions.</subfield>
               <subfield code="2">gnd</subfield>
            </datafield>
            <datafield tag="651" ind1=" " ind2="1">
               <subfield code="a">Appalachian Region</subfield>
               <subfield code="x">Economic conditions.</subfield>
               <subfield code="0">http://id.loc.gov/authorities/subjects/sh2008114203</subfield>
            </datafield>
            <datafield tag="651" ind1=" " ind2="0">
               <subfield code="a">Appalachian Region</subfield>
               <subfield code="x">Economic conditions.</subfield>
               <subfield code="0">http://id.loc.gov/authorities/subjects/sh2008114203</subfield>
            </datafield>
            <datafield tag="651" ind1=" " ind2="4">
               <subfield code="a">Appalachian Region</subfield>
               <subfield code="x">Economic conditions.</subfield>
            </datafield>
            <datafield tag="655" ind1=" " ind2="7">
               <subfield code="a">Autobiographies.</subfield>
               <subfield code="2">lcgft</subfield>
               <subfield code="0">http://id.loc.gov/authorities/genreForms/gf2014026047</subfield>
            </datafield>
            <datafield tag="999" ind1=" " ind2=" ">
               <subfield code="a">HD8073.V37A3 2016</subfield>
               <subfield code="w">LC</subfield>
               <subfield code="c">3</subfield>
               <subfield code="i">000079044578</subfield>
               <subfield code="d">9/28/2021</subfield>
               <subfield code="e">9/28/2021</subfield>
               <subfield code="f">10/18/2016</subfield>
               <subfield code="g">1</subfield>
               <subfield code="k">CHECKEDOUT</subfield>
               <subfield code="l">STACKS-AA</subfield>
               <subfield code="m">ALTOONA</subfield>
               <subfield code="n">17</subfield>
               <subfield code="r">M</subfield>
               <subfield code="s">Y</subfield>
               <subfield code="t">BOOKFLOAT</subfield>
               <subfield code="u">8/24/2016</subfield>
               <subfield code="o">.STAFF. GOBI</subfield>
            </datafield>
            <datafield tag="999" ind1=" " ind2=" ">
               <subfield code="a">HD8073.V37A3 2016</subfield>
               <subfield code="w">LC</subfield>
               <subfield code="c">1</subfield>
               <subfield code="i">35189004540837</subfield>
               <subfield code="d">11/30/2020</subfield>
               <subfield code="e">11/30/2020</subfield>
               <subfield code="k">CHECKEDOUT</subfield>
               <subfield code="l">STACKS-DN</subfield>
               <subfield code="m">DSL-CARL</subfield>
               <subfield code="n">14</subfield>
               <subfield code="r">M</subfield>
               <subfield code="s">Y</subfield>
               <subfield code="t">BOOK</subfield>
               <subfield code="u">11/11/2016</subfield>
            </datafield>
            <datafield tag="999" ind1=" " ind2=" ">
               <subfield code="a">HD8073.V37A3 2016</subfield>
               <subfield code="w">LC</subfield>
               <subfield code="c">1</subfield>
               <subfield code="i">000078989528</subfield>
               <subfield code="d">9/20/2022</subfield>
               <subfield code="e">9/8/2021</subfield>
               <subfield code="l">STACKS-SV</subfield>
               <subfield code="m">SHENANGO</subfield>
               <subfield code="n">13</subfield>
               <subfield code="r">Y</subfield>
               <subfield code="s">Y</subfield>
               <subfield code="t">BOOKFLOAT</subfield>
               <subfield code="u">12/6/2016</subfield>
               <subfield code="o">.STAFF. GOBI</subfield>
            </datafield>
            <datafield tag="999" ind1=" " ind2=" ">
               <subfield code="a">HD8073.V37A3 2016</subfield>
               <subfield code="w">LC</subfield>
               <subfield code="c">1</subfield>
               <subfield code="i">000079028707</subfield>
               <subfield code="d">5/16/2022</subfield>
               <subfield code="e">1/13/2022</subfield>
               <subfield code="l">STACKS-DE</subfield>
               <subfield code="m">BRANDYWINE</subfield>
               <subfield code="n">8</subfield>
               <subfield code="r">Y</subfield>
               <subfield code="s">Y</subfield>
               <subfield code="t">BOOK</subfield>
               <subfield code="u">2/6/2017</subfield>
               <subfield code="o">.CIRCNOTE. no float - de</subfield>
               <subfield code="o">.STAFF. GOBI</subfield>
            </datafield>
            <datafield tag="999" ind1=" " ind2=" ">
               <subfield code="a">HD8073.V37A3 2016</subfield>
               <subfield code="w">LC</subfield>
               <subfield code="c">3</subfield>
               <subfield code="i">000075730932</subfield>
               <subfield code="d">2/17/2021</subfield>
               <subfield code="e">2/17/2021</subfield>
               <subfield code="k">CHECKEDOUT</subfield>
               <subfield code="l">LEISURE-PA</subfield>
               <subfield code="m">UP-PAT</subfield>
               <subfield code="n">24</subfield>
               <subfield code="r">M</subfield>
               <subfield code="s">N</subfield>
               <subfield code="t">BOOK</subfield>
               <subfield code="u">4/26/2017</subfield>
               <subfield code="o">.STAFF. Baker &amp; Taylor lease plan book</subfield>
            </datafield>
            <datafield tag="999" ind1=" " ind2=" ">
               <subfield code="a">HD8073.V37A3 2016</subfield>
               <subfield code="w">LC</subfield>
               <subfield code="c">4</subfield>
               <subfield code="i">000075730857</subfield>
               <subfield code="d">9/11/2022</subfield>
               <subfield code="e">9/11/2022</subfield>
               <subfield code="k">CHECKEDOUT</subfield>
               <subfield code="l">LEISURE-PA</subfield>
               <subfield code="m">UP-PAT</subfield>
               <subfield code="n">18</subfield>
               <subfield code="q">1</subfield>
               <subfield code="r">M</subfield>
               <subfield code="s">N</subfield>
               <subfield code="t">BOOK</subfield>
               <subfield code="u">4/26/2017</subfield>
               <subfield code="o">.STAFF. Baker &amp; Taylor lease plan book</subfield>
            </datafield>
            <datafield tag="999" ind1=" " ind2=" ">
               <subfield code="a">HD8073.V37A3 2016</subfield>
               <subfield code="w">LC</subfield>
               <subfield code="c">5</subfield>
               <subfield code="i">000075731014</subfield>
               <subfield code="d">9/12/2022</subfield>
               <subfield code="e">8/25/2022</subfield>
               <subfield code="l">LEISURE-PA</subfield>
               <subfield code="m">UP-PAT</subfield>
               <subfield code="n">11</subfield>
               <subfield code="r">Y</subfield>
               <subfield code="s">N</subfield>
               <subfield code="t">BOOK</subfield>
               <subfield code="u">4/26/2017</subfield>
               <subfield code="o">.STAFF. Baker &amp; Taylor lease plan book</subfield>
            </datafield>
            <datafield tag="999" ind1=" " ind2=" ">
               <subfield code="a">HD8073.V37A3 2016</subfield>
               <subfield code="w">LC</subfield>
               <subfield code="c">7</subfield>
               <subfield code="i">000075730840</subfield>
               <subfield code="d">8/13/2021</subfield>
               <subfield code="e">8/13/2021</subfield>
               <subfield code="k">CHECKEDOUT</subfield>
               <subfield code="l">LEISURE-PA</subfield>
               <subfield code="m">UP-PAT</subfield>
               <subfield code="n">16</subfield>
               <subfield code="q">1</subfield>
               <subfield code="r">M</subfield>
               <subfield code="s">N</subfield>
               <subfield code="t">BOOK</subfield>
               <subfield code="u">4/26/2017</subfield>
               <subfield code="o">.STAFF. Baker &amp; Taylor lease plan book</subfield>
            </datafield>
            <datafield tag="999" ind1=" " ind2=" ">
               <subfield code="a">HD8073.V37A3 2016</subfield>
               <subfield code="w">LC</subfield>
               <subfield code="c">1</subfield>
               <subfield code="i">000079344036</subfield>
               <subfield code="d">5/22/2018</subfield>
               <subfield code="e">5/22/2018</subfield>
               <subfield code="f">3/13/2017</subfield>
               <subfield code="g">1</subfield>
               <subfield code="k">CHECKEDOUT</subfield>
               <subfield code="l">STACKS-NK</subfield>
               <subfield code="m">NEWKEN</subfield>
               <subfield code="n">5</subfield>
               <subfield code="r">M</subfield>
               <subfield code="s">Y</subfield>
               <subfield code="t">BOOKFLOAT</subfield>
               <subfield code="u">2/16/2017</subfield>
            </datafield>
            <datafield tag="999" ind1=" " ind2=" ">
               <subfield code="a">HD8073.V37A3 2016</subfield>
               <subfield code="w">LC</subfield>
               <subfield code="c">1</subfield>
               <subfield code="i">000079044158</subfield>
               <subfield code="d">7/21/2021</subfield>
               <subfield code="e">7/21/2021</subfield>
               <subfield code="f">6/29/2018</subfield>
               <subfield code="g">1</subfield>
               <subfield code="k">MISSING</subfield>
               <subfield code="l">STACKS-HB3</subfield>
               <subfield code="m">BEAVER</subfield>
               <subfield code="n">16</subfield>
               <subfield code="r">M</subfield>
               <subfield code="s">Y</subfield>
               <subfield code="t">BOOKFLOAT</subfield>
               <subfield code="u">8/8/2016</subfield>
               <subfield code="o">.STAFF. GOBI</subfield>
            </datafield>
            <datafield tag="999" ind1=" " ind2=" ">
               <subfield code="a">HD8073.V37A3 2016</subfield>
               <subfield code="w">LC</subfield>
               <subfield code="c">1</subfield>
               <subfield code="i">000081424214</subfield>
               <subfield code="l">CULTUREHUB</subfield>
               <subfield code="m">XTERNAL</subfield>
               <subfield code="r">Y</subfield>
               <subfield code="s">Y</subfield>
               <subfield code="t">BOOK</subfield>
               <subfield code="u">7/17/2019</subfield>
            </datafield>
            <datafield tag="999" ind1=" " ind2=" ">
               <subfield code="a">HD8073.V37A3 2016</subfield>
               <subfield code="w">LC</subfield>
               <subfield code="c">1</subfield>
               <subfield code="i">000079642071</subfield>
               <subfield code="d">11/16/2021</subfield>
               <subfield code="e">9/22/2021</subfield>
               <subfield code="l">STACKS-WS</subfield>
               <subfield code="m">DUBOIS</subfield>
               <subfield code="n">8</subfield>
               <subfield code="r">Y</subfield>
               <subfield code="s">Y</subfield>
               <subfield code="t">BOOKFLOAT</subfield>
               <subfield code="u">5/4/2017</subfield>
               <subfield code="o">.STAFF. GOBI</subfield>
            </datafield>
            <datafield tag="999" ind1=" " ind2=" ">
               <subfield code="a">HD8073.V37A3 2016</subfield>
               <subfield code="w">LC</subfield>
               <subfield code="c">1</subfield>
               <subfield code="i">000079714853</subfield>
               <subfield code="d">6/10/2022</subfield>
               <subfield code="e">4/15/2022</subfield>
               <subfield code="l">STACKS-LV2</subfield>
               <subfield code="m">LEHIGHVLY</subfield>
               <subfield code="n">13</subfield>
               <subfield code="r">Y</subfield>
               <subfield code="s">Y</subfield>
               <subfield code="t">BOOKFLOAT</subfield>
               <subfield code="u">11/17/2017</subfield>
               <subfield code="o">.STAFF. GOBI</subfield>
            </datafield>
            <datafield tag="999" ind1=" " ind2=" ">
               <subfield code="a">HD8073.V37A3 2016</subfield>
               <subfield code="w">LC</subfield>
               <subfield code="c">1</subfield>
               <subfield code="i">000079045094</subfield>
               <subfield code="d">6/2/2022</subfield>
               <subfield code="e">12/2/2021</subfield>
               <subfield code="l">STACKS-BD</subfield>
               <subfield code="m">YORK</subfield>
               <subfield code="n">16</subfield>
               <subfield code="r">Y</subfield>
               <subfield code="s">Y</subfield>
               <subfield code="t">BOOKFLOAT</subfield>
               <subfield code="u">8/11/2016</subfield>
               <subfield code="o">.STAFF. GOBI</subfield>
            </datafield>
            <datafield tag="999" ind1=" " ind2=" ">
               <subfield code="a">HD8073.V37A3 2016</subfield>
               <subfield code="w">LC</subfield>
               <subfield code="c">1</subfield>
               <subfield code="i">000078988873</subfield>
               <subfield code="d">12/13/2022</subfield>
               <subfield code="e">7/26/2022</subfield>
               <subfield code="k">INTRANSIT</subfield>
               <subfield code="l">STACKS-AB</subfield>
               <subfield code="m">ABINGTON</subfield>
               <subfield code="n">13</subfield>
               <subfield code="r">Y</subfield>
               <subfield code="s">Y</subfield>
               <subfield code="t">BOOKFLOAT</subfield>
               <subfield code="u">11/30/2016</subfield>
               <subfield code="o">.STAFF. GOBI</subfield>
            </datafield>
      </record>
    </metadata>
  </record>