
   <record> 
    <header>
      <identifier>oai:cat.libraries.psu.edu:18158428</identifier> 
      <datestamp>2022-12-16</datestamp>
      <setSpec>BOOK</setSpec> 
      <setSpec>BOOKFLOAT</setSpec> 
    </header>
    <metadata>
      <record xmlns="http://www.loc.gov/MARC21/slim" xsi:schemaLocation="http://www.loc.gov/MARC21/slim http://www.loc.gov/standards/marcxml/schema/MARC21slim.xsd" type="Bibliographic">
         <leader>     cam  22      i 4500</leader>
         <controlfield tag="008">160316s2016    nyu           000 1 eng  </controlfield>
            <datafield tag="010" ind1=" " ind2=" ">
               <subfield code="a">  2016007713</subfield>
            </datafield>
            <datafield tag="020" ind1=" " ind2=" ">
               <subfield code="a">9781501132933 (hardcover)</subfield>
            </datafield>
            <datafield tag="020" ind1=" " ind2=" ">
               <subfield code="a">1501132938 (hardcover)</subfield>
            </datafield>
            <datafield tag="020" ind1=" " ind2=" ">
               <subfield code="a">9781501132957 (softcover)</subfield>
            </datafield>
            <datafield tag="020" ind1=" " ind2=" ">
               <subfield code="a">1501132954 (softcover)</subfield>
            </datafield>
            <datafield tag="020" ind1=" " ind2=" ">
               <subfield code="a">9781910701843</subfield>
            </datafield>
            <datafield tag="020" ind1=" " ind2=" ">
               <subfield code="a">191070184X</subfield>
            </datafield>
            <datafield tag="024" ind1="8" ind2=" ">
               <subfield code="a">40026258250</subfield>
            </datafield>
            <datafield tag="024" ind1="8" ind2=" ">
               <subfield code="a">99969953204</subfield>
            </datafield>
            <datafield tag="035" ind1=" " ind2=" ">
               <subfield code="a">(OCoLC)945072389</subfield>
            </datafield>
            <datafield tag="050" ind1="0" ind2="0">
               <subfield code="a">PR6123.A745</subfield>
               <subfield code="b">W66 2016</subfield>
            </datafield>
            <datafield tag="082" ind1="0" ind2="0">
               <subfield code="a">823/.92</subfield>
               <subfield code="2">23</subfield>
            </datafield>
            <datafield tag="100" ind1="1" ind2=" ">
               <subfield code="a">Ware, Ruth</subfield>
               <subfield code="e">author.</subfield>
               <subfield code="0">http://id.loc.gov/authorities/names/n2015011070</subfield>
            </datafield>
            <datafield tag="245" ind1="1" ind2="4">
               <subfield code="a">The woman in cabin 10 /</subfield>
               <subfield code="c">Ruth Ware.</subfield>
            </datafield>
            <datafield tag="250" ind1=" " ind2=" ">
               <subfield code="a">First Scout Press hardcover edition.</subfield>
            </datafield>
            <datafield tag="264" ind1=" " ind2="1">
               <subfield code="a">New York :</subfield>
               <subfield code="b">Scout Press,</subfield>
               <subfield code="c">2016.</subfield>
            </datafield>
            <datafield tag="300" ind1=" " ind2=" ">
               <subfield code="a">340 pages ;</subfield>
               <subfield code="c">24 cm.</subfield>
            </datafield>
            <datafield tag="490" ind1="1" ind2=" ">
               <subfield code="a">Leisure reading collection (McNaughton)</subfield>
            </datafield>
            <datafield tag="520" ind1=" " ind2=" ">
               <subfield code="a">&quot;From New York Times bestselling author of the &quot;twisty-mystery&quot; (Vulture) novel In a Dark, Dark Wood, comes The Woman in Cabin 10, an equally suspenseful and haunting novel from Ruth Ware--this time, set at sea. In this tightly wound, enthralling story reminiscent of Agatha Christie's works, Lo Blacklock, a journalist who writes for a travel magazine, has just been given the assignment of a lifetime: a week on a luxury cruise with only a handful of cabins. The sky is clear, the waters calm, and the veneered, select guests jovial as the exclusive cruise ship, the Aurora, begins her voyage in the picturesque North Sea. At first, Lo's stay is nothing but pleasant: the cabins are plush, the dinner parties are sparkling, and the guests are elegant. But as the week wears on, frigid winds whip the deck, gray skies fall, and Lo witnesses what she can only describe as a dark and terrifying nightmare: a woman being thrown overboard. The problem? All passengers remain accounted for--and so, the ship sails on as if nothing has happened, despite Lo's desperate attempts to convey that something (or someone) has gone terribly, terribly wrong</subfield>
            </datafield>
            <datafield tag="583" ind1=" " ind2=" ">
               <subfield code="a">cat</subfield>
               <subfield code="b">stacks</subfield>
               <subfield code="c">20160915</subfield>
               <subfield code="k">kjw</subfield>
               <subfield code="5">UPB</subfield>
            </datafield>
            <datafield tag="650" ind1=" " ind2="0">
               <subfield code="a">Women journalists</subfield>
               <subfield code="v">Fiction.</subfield>
               <subfield code="0">http://id.loc.gov/authorities/subjects/sh2008113425</subfield>
            </datafield>
            <datafield tag="650" ind1=" " ind2="0">
               <subfield code="a">Cruise ships</subfield>
               <subfield code="v">Fiction.</subfield>
               <subfield code="0">http://id.loc.gov/authorities/subjects/sh2008101835</subfield>
            </datafield>
            <datafield tag="650" ind1=" " ind2="7">
               <subfield code="a">FICTION / Suspense.</subfield>
               <subfield code="2">bisacsh</subfield>
            </datafield>
            <datafield tag="650" ind1=" " ind2="7">
               <subfield code="a">FICTION / Literary.</subfield>
               <subfield code="2">bisacsh</subfield>
            </datafield>
            <datafield tag="650" ind1=" " ind2="7">
               <subfield code="a">Murder.</subfield>
               <subfield code="2">fast</subfield>
               <subfield code="0">(OCoLC)fst01029781</subfield>
            </datafield>
            <datafield tag="650" ind1=" " ind2="7">
               <subfield code="a">Witnesses.</subfield>
               <subfield code="2">fast</subfield>
               <subfield code="0">(OCoLC)fst01176383</subfield>
            </datafield>
            <datafield tag="650" ind1=" " ind2="7">
               <subfield code="a">Cruise ships.</subfield>
               <subfield code="2">fast</subfield>
               <subfield code="0">(OCoLC)fst00884372</subfield>
            </datafield>
            <datafield tag="650" ind1=" " ind2="7">
               <subfield code="a">Women journalists.</subfield>
               <subfield code="2">fast</subfield>
               <subfield code="0">(OCoLC)fst01178072</subfield>
            </datafield>
            <datafield tag="650" ind1=" " ind2="7">
               <subfield code="a">FICTION / Suspense.</subfield>
            </datafield>
            <datafield tag="650" ind1=" " ind2="7">
               <subfield code="a">FICTION / Literary.</subfield>
            </datafield>
            <datafield tag="650" ind1=" " ind2="4">
               <subfield code="a">Women journalists</subfield>
               <subfield code="v">Fiction.</subfield>
            </datafield>
            <datafield tag="650" ind1=" " ind2="4">
               <subfield code="a">Murder</subfield>
               <subfield code="v">Fiction.</subfield>
            </datafield>
            <datafield tag="650" ind1=" " ind2="4">
               <subfield code="a">Cruise ships</subfield>
               <subfield code="v">Fiction.</subfield>
            </datafield>
            <datafield tag="650" ind1=" " ind2="4">
               <subfield code="a">Witnesses</subfield>
               <subfield code="v">Fiction.</subfield>
            </datafield>
            <datafield tag="650" ind1=" " ind2="1">
               <subfield code="a">Witnesses</subfield>
               <subfield code="v">Fiction.</subfield>
               <subfield code="0">http://id.loc.gov/authorities/subjects/sh2008113477</subfield>
            </datafield>
            <datafield tag="650" ind1=" " ind2="7">
               <subfield code="a">Women journalists</subfield>
               <subfield code="v">Fiction.</subfield>
               <subfield code="2">sears</subfield>
            </datafield>
            <datafield tag="650" ind1=" " ind2="7">
               <subfield code="a">Cruise ships</subfield>
               <subfield code="v">Fiction.</subfield>
               <subfield code="2">sears</subfield>
            </datafield>
            <datafield tag="650" ind1=" " ind2="7">
               <subfield code="a">FICTION / Thrillers / Suspense.</subfield>
               <subfield code="2">unknown</subfield>
            </datafield>
            <datafield tag="650" ind1=" " ind2="7">
               <subfield code="a">FICTION / Thrillers / Psychological.</subfield>
               <subfield code="2">unknown</subfield>
            </datafield>
            <datafield tag="650" ind1=" " ind2="7">
               <subfield code="a">FICTION / Literary.</subfield>
               <subfield code="2">unknown</subfield>
            </datafield>
            <datafield tag="655" ind1=" " ind2="7">
               <subfield code="a">Psychological fiction.</subfield>
               <subfield code="2">lcgft</subfield>
               <subfield code="0">http://id.loc.gov/authorities/genreForms/gf2014026492</subfield>
            </datafield>
            <datafield tag="655" ind1=" " ind2="7">
               <subfield code="a">Suspense fiction.</subfield>
               <subfield code="2">gsafd</subfield>
            </datafield>
            <datafield tag="655" ind1=" " ind2="7">
               <subfield code="a">Mystery fiction.</subfield>
               <subfield code="2">gsafd</subfield>
            </datafield>
            <datafield tag="655" ind1=" " ind2="7">
               <subfield code="a">Thrillers (Fiction)</subfield>
               <subfield code="2">lcgft</subfield>
               <subfield code="0">http://id.loc.gov/authorities/genreForms/gf2014026571</subfield>
            </datafield>
            <datafield tag="655" ind1=" " ind2="7">
               <subfield code="a">Detective and mystery fiction.</subfield>
               <subfield code="2">lcgft</subfield>
               <subfield code="0">http://id.loc.gov/authorities/genreForms/gf2014026280</subfield>
            </datafield>
            <datafield tag="655" ind1=" " ind2="7">
               <subfield code="a">Fiction.</subfield>
               <subfield code="2">fast</subfield>
               <subfield code="0">(OCoLC)fst01423787</subfield>
            </datafield>
            <datafield tag="655" ind1=" " ind2="7">
               <subfield code="a">Psychological fiction.</subfield>
               <subfield code="2">fast</subfield>
               <subfield code="0">(OCoLC)fst01726481</subfield>
            </datafield>
            <datafield tag="655" ind1=" " ind2="7">
               <subfield code="a">Thrillers (Fiction)</subfield>
               <subfield code="2">lgcft</subfield>
            </datafield>
            <datafield tag="655" ind1=" " ind2="4">
               <subfield code="a">Mystery fiction.</subfield>
            </datafield>
            <datafield tag="655" ind1=" " ind2="4">
               <subfield code="a">Suspense fiction.</subfield>
            </datafield>
            <datafield tag="655" ind1=" " ind2="4">
               <subfield code="a">Psychological fiction.</subfield>
            </datafield>
            <datafield tag="655" ind1=" " ind2="7">
               <subfield code="a">Suspense fiction.</subfield>
               <subfield code="2">sears</subfield>
            </datafield>
            <datafield tag="655" ind1=" " ind2="7">
               <subfield code="a">Mystery fiction.</subfield>
               <subfield code="2">sears</subfield>
            </datafield>
            <datafield tag="830" ind1=" " ind2="0">
               <subfield code="a">Leisure reading collection (McNaughton.)</subfield>
            </datafield>
            <datafield tag="999" ind1=" " ind2=" ">
               <subfield code="a">PR6123.A745W66 2016</subfield>
               <subfield code="w">LC</subfield>
               <subfield code="c">1</subfield>
               <subfield code="i">000079039437</subfield>
               <subfield code="d">1/7/2020</subfield>
               <subfield code="e">6/20/2019</subfield>
               <subfield code="f">10/4/2016</subfield>
               <subfield code="g">1</subfield>
               <subfield code="l">STACKS-YK</subfield>
               <subfield code="m">YORK</subfield>
               <subfield code="n">15</subfield>
               <subfield code="r">Y</subfield>
               <subfield code="s">Y</subfield>
               <subfield code="t">BOOKFLOAT</subfield>
               <subfield code="u">8/12/2016</subfield>
               <subfield code="o">.STAFF. GOBI</subfield>
            </datafield>
            <datafield tag="999" ind1=" " ind2=" ">
               <subfield code="a">PR6123.A745W66 2016</subfield>
               <subfield code="w">LC</subfield>
               <subfield code="c">1</subfield>
               <subfield code="i">000079040464</subfield>
               <subfield code="d">12/8/2020</subfield>
               <subfield code="e">12/8/2020</subfield>
               <subfield code="k">MISSING</subfield>
               <subfield code="l">STACKS-BD</subfield>
               <subfield code="m">BEHREND</subfield>
               <subfield code="n">7</subfield>
               <subfield code="r">M</subfield>
               <subfield code="s">Y</subfield>
               <subfield code="t">BOOKFLOAT</subfield>
               <subfield code="u">8/11/2016</subfield>
               <subfield code="o">.STAFF. GOBI</subfield>
            </datafield>
            <datafield tag="999" ind1=" " ind2=" ">
               <subfield code="a">PR6123.A745W66 2016</subfield>
               <subfield code="w">LC</subfield>
               <subfield code="c">2</subfield>
               <subfield code="i">000076149917</subfield>
               <subfield code="d">10/1/2022</subfield>
               <subfield code="e">9/9/2022</subfield>
               <subfield code="l">STACKS-WS</subfield>
               <subfield code="m">BEHREND</subfield>
               <subfield code="n">3</subfield>
               <subfield code="r">Y</subfield>
               <subfield code="s">Y</subfield>
               <subfield code="t">BOOKFLOAT</subfield>
               <subfield code="u">5/31/2018</subfield>
            </datafield>
            <datafield tag="999" ind1=" " ind2=" ">
               <subfield code="a">PR6123.A745W66 2016</subfield>
               <subfield code="w">LC</subfield>
               <subfield code="c">1</subfield>
               <subfield code="i">000080080527</subfield>
               <subfield code="d">2/25/2021</subfield>
               <subfield code="e">2/8/2021</subfield>
               <subfield code="f">2/7/2020</subfield>
               <subfield code="g">2</subfield>
               <subfield code="l">BOOKNOOKSV</subfield>
               <subfield code="m">SHENANGO</subfield>
               <subfield code="n">2</subfield>
               <subfield code="r">Y</subfield>
               <subfield code="s">Y</subfield>
               <subfield code="t">BOOK</subfield>
               <subfield code="u">1/19/2018</subfield>
               <subfield code="o">.STAFF. GOBI</subfield>
            </datafield>
            <datafield tag="999" ind1=" " ind2=" ">
               <subfield code="a">PR6123.A745W66 2016</subfield>
               <subfield code="w">LC</subfield>
               <subfield code="c">1</subfield>
               <subfield code="i">000079044783</subfield>
               <subfield code="d">5/5/2022</subfield>
               <subfield code="e">4/14/2022</subfield>
               <subfield code="l">STACKS-HB3</subfield>
               <subfield code="m">WILKESBAR</subfield>
               <subfield code="n">18</subfield>
               <subfield code="r">Y</subfield>
               <subfield code="s">Y</subfield>
               <subfield code="t">BOOKFLOAT</subfield>
               <subfield code="u">8/8/2016</subfield>
               <subfield code="o">.STAFF. GOBI</subfield>
            </datafield>
      </record>
    </metadata>
  </record>