
   <record> 
    <header>
      <identifier>oai:cat.libraries.psu.edu:18158429</identifier> 
      <datestamp>2022-12-16</datestamp>
      <setSpec>BOOKFLOAT</setSpec> 
    </header>
    <metadata>
      <record xmlns="http://www.loc.gov/MARC21/slim" xsi:schemaLocation="http://www.loc.gov/MARC21/slim http://www.loc.gov/standards/marcxml/schema/MARC21slim.xsd" type="Bibliographic">
         <leader>     nam  22      a 4500</leader>
         <controlfield tag="008">101223t20112011ncu      bs  s001 0 eng  </controlfield>
            <datafield tag="010" ind1=" " ind2=" ">
               <subfield code="a">  2010053994</subfield>
            </datafield>
            <datafield tag="020" ind1=" " ind2=" ">
               <subfield code="a">9780807834923</subfield>
               <subfield code="q">(cloth ;</subfield>
               <subfield code="q">alk. paper)</subfield>
            </datafield>
            <datafield tag="020" ind1=" " ind2=" ">
               <subfield code="a">0807834920</subfield>
               <subfield code="q">(cloth ;</subfield>
               <subfield code="q">alk. paper)</subfield>
            </datafield>
            <datafield tag="024" ind1="8" ind2=" ">
               <subfield code="a">40019446865</subfield>
            </datafield>
            <datafield tag="035" ind1=" " ind2=" ">
               <subfield code="a">(OCoLC)668197676</subfield>
            </datafield>
            <datafield tag="050" ind1="0" ind2="0">
               <subfield code="a">E470.2</subfield>
               <subfield code="b">.G59 2011</subfield>
            </datafield>
            <datafield tag="082" ind1="0" ind2="0">
               <subfield code="a">973.7/42</subfield>
               <subfield code="2">22</subfield>
            </datafield>
            <datafield tag="100" ind1="1" ind2=" ">
               <subfield code="a">Glatthaar, Joseph T.,</subfield>
               <subfield code="d">1956-</subfield>
               <subfield code="0">http://id.loc.gov/authorities/names/n84163249</subfield>
            </datafield>
            <datafield tag="245" ind1="1" ind2="0">
               <subfield code="a">Soldiering in the Army of Northern Virginia :</subfield>
               <subfield code="b">a statistical portrait of the troops who served under Robert E. Lee /</subfield>
               <subfield code="c">Joseph T. Glatthaar.</subfield>
            </datafield>
            <datafield tag="264" ind1=" " ind2="1">
               <subfield code="a">Chapel Hill :</subfield>
               <subfield code="b">University of North Carolina Press,</subfield>
               <subfield code="c">[2011]</subfield>
            </datafield>
            <datafield tag="264" ind1=" " ind2="4">
               <subfield code="c">©2011</subfield>
            </datafield>
            <datafield tag="300" ind1=" " ind2=" ">
               <subfield code="a">xvi, 209 pages ;</subfield>
               <subfield code="c">25 cm.</subfield>
            </datafield>
            <datafield tag="490" ind1="1" ind2=" ">
               <subfield code="a">Civil War America</subfield>
            </datafield>
            <datafield tag="504" ind1=" " ind2=" ">
               <subfield code="a">Includes bibliographical references (pages 179-199) and index.</subfield>
            </datafield>
            <datafield tag="505" ind1="0" ind2=" ">
               <subfield code="a">The army -- The infantry -- The cavalry -- The artillery -- Northern- and foreign-born soldiers -- Upper and lower south -- Officers and enlisted men -- Year of enlistment -- Age -- Marriage and fatherhood -- Economic class -- Slaveholding.</subfield>
            </datafield>
            <datafield tag="520" ind1=" " ind2=" ">
               <subfield code="a">&quot;In this ... quantitative study, Joseph T. Glatthaar provides a comprehensive narrative and statistical analysis of many key aspects of General Robert E. Lee's Army of Northern Virginia ... While gathering research materials for [another project] Glatthaar compiled quantative data on the background and service of 600 randomly selected soldiers - 150 artillerists, 150 cavalrymen, and 300 infantrymen - affording him ... insight into the pre-war and wartime experience of Lee's troops ... While confirming much of what is believed about the army, Glatthaar's evidence [presented in this volume] challenges some conventional thinking in significant ways ... and provides a broader and fuller portrait of the men who served under General Lee&quot;--Jacket.</subfield>
            </datafield>
            <datafield tag="610" ind1="1" ind2="0">
               <subfield code="a">Confederate States of America.</subfield>
               <subfield code="b">Army of Northern Virginia</subfield>
               <subfield code="v">Statistics.</subfield>
            </datafield>
            <datafield tag="610" ind1="1" ind2="7">
               <subfield code="a">Confederate States of America.</subfield>
               <subfield code="b">Army of Northern Virginia.</subfield>
               <subfield code="2">fast</subfield>
               <subfield code="0">(OCoLC)fst00569915</subfield>
            </datafield>
            <datafield tag="650" ind1=" " ind2="0">
               <subfield code="a">Soldiers</subfield>
               <subfield code="z">Confederate States of America</subfield>
               <subfield code="v">Statistics.</subfield>
            </datafield>
            <datafield tag="650" ind1=" " ind2="0">
               <subfield code="a">Soldiers</subfield>
               <subfield code="z">Confederate States of America</subfield>
               <subfield code="x">Social conditions.</subfield>
               <subfield code="0">http://id.loc.gov/authorities/subjects/sh2010114038</subfield>
            </datafield>
            <datafield tag="650" ind1=" " ind2="7">
               <subfield code="a">Soldiers.</subfield>
               <subfield code="2">fast</subfield>
               <subfield code="0">(OCoLC)fst01125233</subfield>
            </datafield>
            <datafield tag="650" ind1=" " ind2="7">
               <subfield code="a">Soldiers</subfield>
               <subfield code="x">Social conditions.</subfield>
               <subfield code="2">fast</subfield>
               <subfield code="0">(OCoLC)fst01125310</subfield>
            </datafield>
            <datafield tag="650" ind1=" " ind2="7">
               <subfield code="a">Militär.</subfield>
               <subfield code="2">idszbz</subfield>
            </datafield>
            <datafield tag="650" ind1=" " ind2="7">
               <subfield code="a">Sezessionskrieg.</subfield>
               <subfield code="2">idszbz</subfield>
            </datafield>
            <datafield tag="651" ind1=" " ind2="7">
               <subfield code="a">United States</subfield>
               <subfield code="z">Confederate States of America.</subfield>
               <subfield code="2">fast</subfield>
               <subfield code="0">(OCoLC)fst01205435</subfield>
            </datafield>
            <datafield tag="651" ind1=" " ind2="7">
               <subfield code="a">Virginia.</subfield>
               <subfield code="2">idszbz</subfield>
            </datafield>
            <datafield tag="655" ind1=" " ind2="7">
               <subfield code="a">Statistics.</subfield>
               <subfield code="2">fast</subfield>
               <subfield code="0">(OCoLC)fst01423727</subfield>
            </datafield>
            <datafield tag="830" ind1=" " ind2="0">
               <subfield code="a">Civil War America (Series)</subfield>
               <subfield code="0">http://id.loc.gov/authorities/names/n93059907</subfield>
            </datafield>
            <datafield tag="999" ind1=" " ind2=" ">
               <subfield code="a">E470.2.G59 2011</subfield>
               <subfield code="w">LC</subfield>
               <subfield code="c">1</subfield>
               <subfield code="i">000079051057</subfield>
               <subfield code="d">12/12/2017</subfield>
               <subfield code="e">12/12/2017</subfield>
               <subfield code="k">CHECKEDOUT</subfield>
               <subfield code="l">STACKS-BD</subfield>
               <subfield code="m">BEHREND</subfield>
               <subfield code="n">2</subfield>
               <subfield code="r">M</subfield>
               <subfield code="s">Y</subfield>
               <subfield code="t">BOOKFLOAT</subfield>
               <subfield code="u">8/8/2016</subfield>
               <subfield code="o">.STAFF. GOBI</subfield>
            </datafield>
      </record>
    </metadata>
  </record>