
   <record> 
    <header>
      <identifier>oai:cat.libraries.psu.edu:18158430</identifier> 
      <datestamp>2022-12-16</datestamp>
      <setSpec>BOOK</setSpec> 
      <setSpec>BOOKFLOAT</setSpec> 
    </header>
    <metadata>
      <record xmlns="http://www.loc.gov/MARC21/slim" xsi:schemaLocation="http://www.loc.gov/MARC21/slim http://www.loc.gov/standards/marcxml/schema/MARC21slim.xsd" type="Bibliographic">
         <leader>     cam  22      i 4500</leader>
         <controlfield tag="008">160708t20162016nyua          001 0deng  </controlfield>
            <datafield tag="010" ind1=" " ind2=" ">
               <subfield code="a">  2016024062</subfield>
            </datafield>
            <datafield tag="020" ind1=" " ind2=" ">
               <subfield code="a">9781250087102</subfield>
               <subfield code="q">hardcover</subfield>
            </datafield>
            <datafield tag="020" ind1=" " ind2=" ">
               <subfield code="a">1250087104</subfield>
               <subfield code="q">hardcover</subfield>
            </datafield>
            <datafield tag="035" ind1=" " ind2=" ">
               <subfield code="a">(OCoLC)930683623</subfield>
            </datafield>
            <datafield tag="050" ind1="0" ind2="0">
               <subfield code="a">HV6248.S87</subfield>
               <subfield code="b">C43 2016</subfield>
            </datafield>
            <datafield tag="082" ind1="0" ind2="0">
               <subfield code="a">364.152/3092</subfield>
               <subfield code="a">B</subfield>
               <subfield code="2">23</subfield>
            </datafield>
            <datafield tag="100" ind1="1" ind2=" ">
               <subfield code="a">Chaudry, Rabia</subfield>
               <subfield code="e">author.</subfield>
            </datafield>
            <datafield tag="245" ind1="1" ind2="0">
               <subfield code="a">Adnan's story :</subfield>
               <subfield code="b">the search for truth and justice after Serial /</subfield>
               <subfield code="c">Rabia Chaudry.</subfield>
            </datafield>
            <datafield tag="250" ind1=" " ind2=" ">
               <subfield code="a">First edition.</subfield>
            </datafield>
            <datafield tag="264" ind1=" " ind2="1">
               <subfield code="a">New York :</subfield>
               <subfield code="b">St. Martin's Press,</subfield>
               <subfield code="c">[2016]</subfield>
            </datafield>
            <datafield tag="264" ind1=" " ind2="4">
               <subfield code="c">©2016</subfield>
            </datafield>
            <datafield tag="300" ind1=" " ind2=" ">
               <subfield code="a">410 pages :</subfield>
               <subfield code="b">illustrations ;</subfield>
               <subfield code="c">25 cm</subfield>
            </datafield>
            <datafield tag="500" ind1=" " ind2=" ">
               <subfield code="a">Includes index.</subfield>
            </datafield>
            <datafield tag="505" ind1="0" ind2=" ">
               <subfield code="a">Star-crossed lovers -- Vanished : missing Hae -- A body -- Living the lie -- Murder in the first -- Witness for the prosecution -- Life plus thirty -- Sarah Koenig -- Fifth column -- Serial -- It takes a village -- Undisclosed -- Truth and justice.</subfield>
            </datafield>
            <datafield tag="520" ind1=" " ind2=" ">
               <subfield code="a">&quot;In early 2000, Adnan Syed was convicted and sentenced to life plus thirty years for the murder of his ex-girlfriend Hae Min Lee, a high school senior in Baltimore, Maryland. Syed has maintained his innocence, and Rabia Chaudry, a family friend, has always believed him. By 2013, after almost all appeals had been exhausted, Rabia contacted Sarah Koenig, a producer at This American Life, in hopes of finding a journalist who could shed light on Adnan's story. In 2014, Koenig's investigation turned into Serial, a Peabody Award-winning podcast with more than 500 million international listeners. But Serial did not tell the whole story. In this compelling narrative, Rabia Chaudry presents new key evidence that she maintains dismantles the State's case: a potential new suspect, forensics indicating that after Hae was killed her body was kept somewhere for almost half a day, and documentation withheld by the State that refutes the cell phone evidence--among many other points. And she shows how fans of Serial joined an amazing crowd-sourced investigation into a case riddled with errors and strange twists. Adnan's Story also gives a sense of Adnan's life in prison and weaves in his personal reflections, including never-before-seen letters. Chaudry, who is committed to exonerating Adnan, makes it clear that justice has yet to be achieved in this much-examined case.&quot;--Dust jacket.</subfield>
            </datafield>
            <datafield tag="600" ind1="1" ind2="0">
               <subfield code="a">Syed, Adnan,</subfield>
               <subfield code="d">1981-</subfield>
            </datafield>
            <datafield tag="630" ind1="0" ind2="0">
               <subfield code="a">Serial (Podcast)</subfield>
            </datafield>
            <datafield tag="650" ind1=" " ind2="0">
               <subfield code="a">Murderers</subfield>
               <subfield code="z">Maryland</subfield>
               <subfield code="z">Baltimore</subfield>
               <subfield code="v">Case studies.</subfield>
            </datafield>
            <datafield tag="650" ind1=" " ind2="0">
               <subfield code="a">Murder</subfield>
               <subfield code="x">Investigation</subfield>
               <subfield code="z">Maryland</subfield>
               <subfield code="z">Baltimore</subfield>
               <subfield code="v">Case studies.</subfield>
            </datafield>
            <datafield tag="650" ind1=" " ind2="0">
               <subfield code="a">Judicial error</subfield>
               <subfield code="z">Maryland</subfield>
               <subfield code="z">Baltimore</subfield>
               <subfield code="v">Case studies.</subfield>
            </datafield>
            <datafield tag="650" ind1=" " ind2="0">
               <subfield code="a">Criminal justice, Administration of</subfield>
               <subfield code="z">Maryland</subfield>
               <subfield code="z">Baltimore</subfield>
               <subfield code="v">Case studies.</subfield>
            </datafield>
            <datafield tag="655" ind1=" " ind2="7">
               <subfield code="a">Biographies.</subfield>
               <subfield code="2">fast</subfield>
               <subfield code="0">(OCoLC)fst01919896</subfield>
            </datafield>
            <datafield tag="655" ind1=" " ind2="7">
               <subfield code="a">Biographies.</subfield>
               <subfield code="2">lcgft</subfield>
            </datafield>
            <datafield tag="999" ind1=" " ind2=" ">
               <subfield code="a">HV6248.S87C43 2016</subfield>
               <subfield code="w">LC</subfield>
               <subfield code="c">1</subfield>
               <subfield code="i">000079040372</subfield>
               <subfield code="d">9/26/2016</subfield>
               <subfield code="l">STACKS-BD</subfield>
               <subfield code="m">BEHREND</subfield>
               <subfield code="r">Y</subfield>
               <subfield code="s">Y</subfield>
               <subfield code="t">BOOKFLOAT</subfield>
               <subfield code="u">8/8/2016</subfield>
               <subfield code="o">.STAFF. GOBI</subfield>
            </datafield>
            <datafield tag="999" ind1=" " ind2=" ">
               <subfield code="a">HV6248.S87C43 2016</subfield>
               <subfield code="w">LC</subfield>
               <subfield code="c">1</subfield>
               <subfield code="i">35189005137492</subfield>
               <subfield code="d">11/16/2018</subfield>
               <subfield code="e">9/10/2018</subfield>
               <subfield code="l">STACKS-DN</subfield>
               <subfield code="m">DSL-CARL</subfield>
               <subfield code="n">1</subfield>
               <subfield code="r">Y</subfield>
               <subfield code="s">Y</subfield>
               <subfield code="t">BOOK</subfield>
               <subfield code="u">10/16/2017</subfield>
            </datafield>
      </record>
    </metadata>
  </record>