
   <record> 
    <header>
      <identifier>oai:cat.libraries.psu.edu:18158431</identifier> 
      <datestamp>2022-12-16</datestamp>
      <setSpec>BOOKFLOAT</setSpec> 
    </header>
    <metadata>
      <record xmlns="http://www.loc.gov/MARC21/slim" xsi:schemaLocation="http://www.loc.gov/MARC21/slim http://www.loc.gov/standards/marcxml/schema/MARC21slim.xsd" type="Bibliographic">
         <leader>     cam  22      i 4500</leader>
         <controlfield tag="008">151207t20162016nyu           000 j eng  </controlfield>
            <datafield tag="010" ind1=" " ind2=" ">
               <subfield code="a">  2015041556</subfield>
            </datafield>
            <datafield tag="020" ind1=" " ind2=" ">
               <subfield code="a">9780374536060</subfield>
               <subfield code="q">(paperback)</subfield>
            </datafield>
            <datafield tag="020" ind1=" " ind2=" ">
               <subfield code="a">0374536066</subfield>
               <subfield code="q">(paperback)</subfield>
            </datafield>
            <datafield tag="024" ind1="8" ind2=" ">
               <subfield code="a">40026238062</subfield>
            </datafield>
            <datafield tag="035" ind1=" " ind2=" ">
               <subfield code="a">(OCoLC)953062986</subfield>
            </datafield>
            <datafield tag="050" ind1="0" ind2="0">
               <subfield code="a">PS3613.E4264</subfield>
               <subfield code="b">A6 2016</subfield>
            </datafield>
            <datafield tag="082" ind1="0" ind2="0">
               <subfield code="a">813/.6</subfield>
               <subfield code="2">23</subfield>
            </datafield>
            <datafield tag="100" ind1="1" ind2=" ">
               <subfield code="a">Meijer, Maryse,</subfield>
               <subfield code="d">1982-</subfield>
               <subfield code="e">author.</subfield>
            </datafield>
            <datafield tag="240" ind1="1" ind2="0">
               <subfield code="a">Short stories.</subfield>
               <subfield code="k">Selections</subfield>
            </datafield>
            <datafield tag="245" ind1="1" ind2="0">
               <subfield code="a">Heartbreaker :</subfield>
               <subfield code="b">stories /</subfield>
               <subfield code="c">Maryse Meijer.</subfield>
            </datafield>
            <datafield tag="250" ind1=" " ind2=" ">
               <subfield code="a">First edition.</subfield>
            </datafield>
            <datafield tag="264" ind1=" " ind2="1">
               <subfield code="a">New York :</subfield>
               <subfield code="b">Farrar, Straus and Giroux,</subfield>
               <subfield code="c">2016.</subfield>
            </datafield>
            <datafield tag="264" ind1=" " ind2="4">
               <subfield code="c">©2016</subfield>
            </datafield>
            <datafield tag="300" ind1=" " ind2=" ">
               <subfield code="a">193 pages ;</subfield>
               <subfield code="c">20 cm</subfield>
            </datafield>
            <datafield tag="505" ind1="0" ind2="0">
               <subfield code="t">Home --</subfield>
               <subfield code="t">Love, Lucy --</subfield>
               <subfield code="t">Heartbreaker --</subfield>
               <subfield code="t">Stiletto --</subfield>
               <subfield code="t">Shop lady --</subfield>
               <subfield code="t">The fire --</subfield>
               <subfield code="t">Fugue --</subfield>
               <subfield code="t">Jailbait --</subfield>
               <subfield code="t">Whole life ahead --</subfield>
               <subfield code="t">The daddy --</subfield>
               <subfield code="t">Rapture --</subfield>
               <subfield code="t">Stones --</subfield>
               <subfield code="t">The cheat.</subfield>
            </datafield>
            <datafield tag="520" ind1=" " ind2=" ">
               <subfield code="a">&quot;In her debut story collection, Heartbreaker, Maryse Meijer, flashlight in hand, goes deep into the darkest rooms of the psyche. With gorgeously restrained and exacting prose that packs a cumulatively devastating punch, she unapologetically unmasks the violence we are willing to perform upon one another in the name of love and loneliness and the unremitting desire to survive. In doing so, she lights societal convention and reader expectation on fire, exploring the darker emotional truths surrounding love and sex, femininity and masculinity, family and girlhood&quot;--</subfield>
               <subfield code="c">Provided by publisher.</subfield>
            </datafield>
            <datafield tag="650" ind1=" " ind2="0">
               <subfield code="a">Short stories.</subfield>
            </datafield>
            <datafield tag="650" ind1=" " ind2="7">
               <subfield code="a">Short stories.</subfield>
               <subfield code="2">fast</subfield>
               <subfield code="0">(OCoLC)fst01117043</subfield>
            </datafield>
            <datafield tag="650" ind1=" " ind2="7">
               <subfield code="a">FICTION</subfield>
               <subfield code="x">Literary.</subfield>
               <subfield code="2">bisacsh</subfield>
            </datafield>
            <datafield tag="650" ind1=" " ind2="7">
               <subfield code="a">FICTION</subfield>
               <subfield code="x">Short Stories (single author)</subfield>
               <subfield code="2">bisacsh</subfield>
            </datafield>
            <datafield tag="650" ind1=" " ind2="7">
               <subfield code="a">FICTION</subfield>
               <subfield code="x">Psychological.</subfield>
               <subfield code="2">bisacsh</subfield>
            </datafield>
            <datafield tag="999" ind1=" " ind2=" ">
               <subfield code="a">PS3613.E4264A6 2016</subfield>
               <subfield code="w">LC</subfield>
               <subfield code="c">1</subfield>
               <subfield code="i">000079040389</subfield>
               <subfield code="d">12/5/2019</subfield>
               <subfield code="e">7/10/2018</subfield>
               <subfield code="l">STACKS-BD</subfield>
               <subfield code="m">BEHREND</subfield>
               <subfield code="n">2</subfield>
               <subfield code="r">Y</subfield>
               <subfield code="s">Y</subfield>
               <subfield code="t">BOOKFLOAT</subfield>
               <subfield code="u">8/8/2016</subfield>
               <subfield code="o">.STAFF. GOBI</subfield>
            </datafield>
      </record>
    </metadata>
  </record>