
   <record> 
    <header>
      <identifier>oai:cat.libraries.psu.edu:18158432</identifier> 
      <datestamp>2022-12-16</datestamp>
      <setSpec>BOOKFLOAT</setSpec> 
    </header>
    <metadata>
      <record xmlns="http://www.loc.gov/MARC21/slim" xsi:schemaLocation="http://www.loc.gov/MARC21/slim http://www.loc.gov/standards/marcxml/schema/MARC21slim.xsd" type="Bibliographic">
         <leader>     cam  22      i 4500</leader>
         <controlfield tag="008">160229s2016    mauaf    b    001 0 eng  </controlfield>
            <datafield tag="010" ind1=" " ind2=" ">
               <subfield code="a">  2016010174</subfield>
            </datafield>
            <datafield tag="020" ind1=" " ind2=" ">
               <subfield code="a">9780306823770</subfield>
               <subfield code="q">paperback</subfield>
            </datafield>
            <datafield tag="020" ind1=" " ind2=" ">
               <subfield code="a">0306823772</subfield>
            </datafield>
            <datafield tag="035" ind1=" " ind2=" ">
               <subfield code="a">(OCoLC)947190881</subfield>
            </datafield>
            <datafield tag="050" ind1="0" ind2="0">
               <subfield code="a">ML421.I535</subfield>
               <subfield code="b">M55 2016</subfield>
            </datafield>
            <datafield tag="082" ind1="0" ind2="0">
               <subfield code="a">782.421649</subfield>
               <subfield code="2">23</subfield>
            </datafield>
            <datafield tag="100" ind1="1" ind2=" ">
               <subfield code="a">Miller, Steve,</subfield>
               <subfield code="d">1957 September 24-</subfield>
               <subfield code="0">http://id.loc.gov/authorities/names/n2013006187</subfield>
            </datafield>
            <datafield tag="245" ind1="1" ind2="0">
               <subfield code="a">Juggalo :</subfield>
               <subfield code="b">the Insane Clown Posse and the world they made /</subfield>
               <subfield code="c">by Steve Miller.</subfield>
            </datafield>
            <datafield tag="264" ind1=" " ind2="1">
               <subfield code="a">Boston, MA :</subfield>
               <subfield code="b">Da Capo Press,</subfield>
               <subfield code="c">[2016]</subfield>
            </datafield>
            <datafield tag="300" ind1=" " ind2=" ">
               <subfield code="a">vi, 298 pages, 16 unnumbered pages of plates :</subfield>
               <subfield code="b">illustrations ;</subfield>
               <subfield code="c">23 cm</subfield>
            </datafield>
            <datafield tag="504" ind1=" " ind2=" ">
               <subfield code="a">Includes bibliographical references and index.</subfield>
            </datafield>
            <datafield tag="505" ind1="0" ind2=" ">
               <subfield code="a">Part I The Hybrid Gang -- 1 The Most Hated Band in the World -- 2 Devils Descend on Small-Town America -- 3 Cops Hate Weirdos -- 4 &quot;Insane Clown Posse Clothing Is Banned&quot; -- Part II Crime, Carnage, and Renegades -- 5 The Mighty Bruce Brothers -- 6 In the Milenko Zone -- 7 The Choppy Waters of Lawlessness -- 8 Klebold's Coattails and the Miscreant Tribe -- 9 Magnets and Delinquents -- 10 Apocalypse -- Part III Unruly Ascent of the Clown -- 11 Misfits and Fringe-Dwellers Explode -- 12 Suing the Government and Hacking Off Nipples -- 13 Religion: Juggaloism -- 14 The Military Tribe of Contorted Belief -- 15 Policing the Rabble -- 16 Defending Revolution -- 17 There's a Day for Juggalos? -- 18 Lucille Ball, John Lennon, and the Juggalos.</subfield>
            </datafield>
            <datafield tag="520" ind1=" " ind2=" ">
               <subfield code="a">&quot;Juggalo: Insane Clown Posse and the World They Made is a vivid journey into the heart of a misunderstood subculture. Through firsthand reporting, including interviews with Violent J and Shaggy 2 Dope of the Insane Clown Posse, their friends and family, and numerous devoted fans, Juggalo explores the lives of the proud outsiders who are frequently labeled as a threat or dismissed as a joke, &quot;--Amazon.com.</subfield>
            </datafield>
            <datafield tag="610" ind1="2" ind2="0">
               <subfield code="a">Insane Clown Posse (Musical group)</subfield>
               <subfield code="x">Influence.</subfield>
            </datafield>
            <datafield tag="610" ind1="2" ind2="7">
               <subfield code="a">Insane Clown Posse (Musical group)</subfield>
               <subfield code="2">fast</subfield>
               <subfield code="0">(OCoLC)fst00730072</subfield>
            </datafield>
            <datafield tag="650" ind1=" " ind2="0">
               <subfield code="a">Juggalos (Music fans)</subfield>
               <subfield code="0">http://id.loc.gov/authorities/subjects/sh2016000727</subfield>
            </datafield>
            <datafield tag="650" ind1=" " ind2="0">
               <subfield code="a">Subculture</subfield>
               <subfield code="z">United States.</subfield>
               <subfield code="0">http://id.loc.gov/authorities/subjects/sh2008112344</subfield>
            </datafield>
            <datafield tag="650" ind1=" " ind2="7">
               <subfield code="a">Influence (Literary, artistic, etc.)</subfield>
               <subfield code="2">fast</subfield>
               <subfield code="0">(OCoLC)fst00972484</subfield>
            </datafield>
            <datafield tag="650" ind1=" " ind2="7">
               <subfield code="a">Juggalos (Music fans)</subfield>
               <subfield code="2">fast</subfield>
               <subfield code="0">(OCoLC)fst01938768</subfield>
            </datafield>
            <datafield tag="650" ind1=" " ind2="7">
               <subfield code="a">Subculture.</subfield>
               <subfield code="2">fast</subfield>
               <subfield code="0">(OCoLC)fst01136426</subfield>
            </datafield>
            <datafield tag="651" ind1=" " ind2="7">
               <subfield code="a">United States.</subfield>
               <subfield code="2">fast</subfield>
               <subfield code="0">(OCoLC)fst01204155</subfield>
            </datafield>
            <datafield tag="776" ind1="0" ind2="8">
               <subfield code="i">Online version:</subfield>
               <subfield code="a">Miller, Steve, 1957 September 24-</subfield>
               <subfield code="t">Juggalo</subfield>
               <subfield code="d">Boston, MA : Da Capo Press, [2016]</subfield>
               <subfield code="z">9780306823787</subfield>
               <subfield code="w">(DLC) 2016019338</subfield>
            </datafield>
            <datafield tag="999" ind1=" " ind2=" ">
               <subfield code="a">ML421.I535M55 2016</subfield>
               <subfield code="w">LC</subfield>
               <subfield code="c">1</subfield>
               <subfield code="i">000079060967</subfield>
               <subfield code="d">7/20/2017</subfield>
               <subfield code="e">4/19/2017</subfield>
               <subfield code="l">STACKS-BD</subfield>
               <subfield code="m">BEHREND</subfield>
               <subfield code="n">1</subfield>
               <subfield code="r">Y</subfield>
               <subfield code="s">Y</subfield>
               <subfield code="t">BOOKFLOAT</subfield>
               <subfield code="u">8/8/2016</subfield>
               <subfield code="o">.STAFF. GOBI</subfield>
            </datafield>
      </record>
    </metadata>
  </record>