
   <record> 
    <header>
      <identifier>oai:cat.libraries.psu.edu:18158434</identifier> 
      <datestamp>2022-12-16</datestamp>
      <setSpec>BOOK</setSpec> 
      <setSpec>BOOKFLOAT</setSpec> 
    </header>
    <metadata>
      <record xmlns="http://www.loc.gov/MARC21/slim" xsi:schemaLocation="http://www.loc.gov/MARC21/slim http://www.loc.gov/standards/marcxml/schema/MARC21slim.xsd" type="Bibliographic">
         <leader>     cam  22      i 4500</leader>
         <controlfield tag="008">151207t20162016caua     b    001 0 eng c</controlfield>
            <datafield tag="010" ind1=" " ind2=" ">
               <subfield code="a">  2015048171</subfield>
            </datafield>
            <datafield tag="020" ind1=" " ind2=" ">
               <subfield code="a">9780520283268</subfield>
               <subfield code="q">(cloth ;</subfield>
               <subfield code="q">alk. paper)</subfield>
            </datafield>
            <datafield tag="020" ind1=" " ind2=" ">
               <subfield code="a">0520283260</subfield>
               <subfield code="q">(cloth ;</subfield>
               <subfield code="q">alk. paper)</subfield>
            </datafield>
            <datafield tag="020" ind1=" " ind2=" ">
               <subfield code="a">9780520283275</subfield>
               <subfield code="q">(pbk. ;</subfield>
               <subfield code="q">alk. paper)</subfield>
            </datafield>
            <datafield tag="020" ind1=" " ind2=" ">
               <subfield code="a">0520283279</subfield>
               <subfield code="q">(pbk. ;</subfield>
               <subfield code="q">alk. paper)</subfield>
            </datafield>
            <datafield tag="035" ind1=" " ind2=" ">
               <subfield code="a">(OCoLC)908990142</subfield>
               <subfield code="z">(OCoLC)958083172</subfield>
            </datafield>
            <datafield tag="050" ind1="0" ind2="0">
               <subfield code="a">HD1527.C2</subfield>
               <subfield code="b">H67 2016</subfield>
            </datafield>
            <datafield tag="082" ind1="0" ind2="0">
               <subfield code="a">363.11/96309794</subfield>
               <subfield code="2">23</subfield>
            </datafield>
            <datafield tag="100" ind1="1" ind2=" ">
               <subfield code="a">Horton, Sarah Bronwen,</subfield>
               <subfield code="e">author.</subfield>
            </datafield>
            <datafield tag="245" ind1="1" ind2="0">
               <subfield code="a">They leave their kidneys in the fields :</subfield>
               <subfield code="b">injury, illness, and illegality among U.S. farmworkers /</subfield>
               <subfield code="c">Sarah Bronwen Horton.</subfield>
            </datafield>
            <datafield tag="264" ind1=" " ind2="1">
               <subfield code="a">Oakland, California :</subfield>
               <subfield code="b">University of California Press,</subfield>
               <subfield code="c">[2016]</subfield>
            </datafield>
            <datafield tag="264" ind1=" " ind2="4">
               <subfield code="c">©2016</subfield>
            </datafield>
            <datafield tag="300" ind1=" " ind2=" ">
               <subfield code="a">xiii, 250 pages :</subfield>
               <subfield code="b">illustrations ;</subfield>
               <subfield code="c">23 cm.</subfield>
            </datafield>
            <datafield tag="490" ind1="1" ind2=" ">
               <subfield code="a">California series in public anthropology ;</subfield>
               <subfield code="v">40</subfield>
            </datafield>
            <datafield tag="504" ind1=" " ind2=" ">
               <subfield code="a">Includes bibliographical references (pages 221-239) and index.</subfield>
            </datafield>
            <datafield tag="505" ind1="0" ind2=" ">
               <subfield code="a">Introduction -- Burning up : heat illness in California's fields -- Entering farmwork : migrations and men's work identities -- Ghost workers : the labor consequences of identity loan -- Presión alta : the physiological toll of farmwork -- Alvaro's casket : heat illness and chronic disease at work -- Desabilitado : kidney disease and the disability-assistance hole -- Conclusion : strategies for change -- Appendix A. On engaged anthropology and ethnographic writing -- Appendix B. Methods -- Appendix C. Core research participants.</subfield>
            </datafield>
            <datafield tag="520" ind1=" " ind2=" ">
               <subfield code="a">&quot;They Leave Their Kidneys in the Fields takes the reader on an ethnographic tour of the melon and corn harvesting fields in California's Central Valley to understand why farmworkers die at work each summer. Laden with captivating detail of farmworkers' daily work and home lives, Horton examines how U.S. immigration policy and the historic exclusion of farmworkers from the promises of liberalism has made migrant farmworkers what she calls 'exceptional workers.' She explores the deeply intertwined political, legal, and social factors that place Latino migrants at particular risk of illness and injury in the fields, as well as the patchwork of health care, disability, and Social Security policies that provide them little succor when they become sick or grow old. The book takes an in-depth look at the work risks faced by migrants at all stages of life: as teens, in their middle-age, and ultimately as elderly workers. By following the lives of a core group of farmworkers over nearly a decade, Horton provides a searing portrait of how their precarious immigration and work statuses culminate in preventable morbidity and premature death.&quot;--</subfield>
               <subfield code="c">Provided by publisher.</subfield>
            </datafield>
            <datafield tag="650" ind1=" " ind2="0">
               <subfield code="a">Migrant agricultural laborers</subfield>
               <subfield code="x">Health and hygiene</subfield>
               <subfield code="z">California</subfield>
               <subfield code="z">Central Valley.</subfield>
            </datafield>
            <datafield tag="650" ind1=" " ind2="0">
               <subfield code="a">Migrant agricultural laborers</subfield>
               <subfield code="z">California</subfield>
               <subfield code="z">Central Valley</subfield>
               <subfield code="x">Social conditions.</subfield>
            </datafield>
            <datafield tag="650" ind1=" " ind2="7">
               <subfield code="a">Migrant agricultural laborers</subfield>
               <subfield code="x">Health and hygiene.</subfield>
               <subfield code="2">fast</subfield>
               <subfield code="0">(OCoLC)fst01020692</subfield>
            </datafield>
            <datafield tag="650" ind1=" " ind2="7">
               <subfield code="a">Migrant agricultural laborers</subfield>
               <subfield code="x">Social conditions.</subfield>
               <subfield code="2">fast</subfield>
               <subfield code="0">(OCoLC)fst01020705</subfield>
            </datafield>
            <datafield tag="651" ind1=" " ind2="7">
               <subfield code="a">California</subfield>
               <subfield code="z">Central Valley.</subfield>
               <subfield code="2">fast</subfield>
               <subfield code="0">(OCoLC)fst01227728</subfield>
            </datafield>
            <datafield tag="830" ind1=" " ind2="0">
               <subfield code="a">California series in public anthropology ;</subfield>
               <subfield code="v">40.</subfield>
            </datafield>
            <datafield tag="999" ind1=" " ind2=" ">
               <subfield code="a">HD1527.C2H67 2016</subfield>
               <subfield code="w">LC</subfield>
               <subfield code="c">1</subfield>
               <subfield code="i">000079037129</subfield>
               <subfield code="d">2/9/2017</subfield>
               <subfield code="l">STACKS-BD</subfield>
               <subfield code="m">BEHREND</subfield>
               <subfield code="r">Y</subfield>
               <subfield code="s">Y</subfield>
               <subfield code="t">BOOKFLOAT</subfield>
               <subfield code="u">8/8/2016</subfield>
               <subfield code="o">.STAFF. GOBI</subfield>
            </datafield>
            <datafield tag="999" ind1=" " ind2=" ">
               <subfield code="a">HD1527.C2H67 2016</subfield>
               <subfield code="w">LC</subfield>
               <subfield code="c">1</subfield>
               <subfield code="i">000079053204</subfield>
               <subfield code="d">6/30/2017</subfield>
               <subfield code="e">5/17/2017</subfield>
               <subfield code="l">PATERNO-3</subfield>
               <subfield code="m">UP-PAT</subfield>
               <subfield code="n">2</subfield>
               <subfield code="r">Y</subfield>
               <subfield code="s">Y</subfield>
               <subfield code="t">BOOK</subfield>
               <subfield code="u">10/6/2016</subfield>
            </datafield>
      </record>
    </metadata>
  </record>