
   <record> 
    <header>
      <identifier>oai:cat.libraries.psu.edu:18158435</identifier> 
      <datestamp>2022-12-16</datestamp>
      <setSpec>BOOKFLOAT</setSpec> 
    </header>
    <metadata>
      <record xmlns="http://www.loc.gov/MARC21/slim" xsi:schemaLocation="http://www.loc.gov/MARC21/slim http://www.loc.gov/standards/marcxml/schema/MARC21slim.xsd" type="Bibliographic">
         <leader>     nam  22     8i 4500</leader>
         <controlfield tag="008">160502s2016    nyu           000 1 eng  </controlfield>
            <datafield tag="010" ind1=" " ind2=" ">
               <subfield code="a">  2016009272</subfield>
            </datafield>
            <datafield tag="020" ind1=" " ind2=" ">
               <subfield code="a">9781455592920</subfield>
               <subfield code="q">hardcover</subfield>
            </datafield>
            <datafield tag="020" ind1=" " ind2=" ">
               <subfield code="a">1455592927</subfield>
               <subfield code="q">hardcover</subfield>
            </datafield>
            <datafield tag="020" ind1=" " ind2=" ">
               <subfield code="a">9781455568543</subfield>
               <subfield code="q">paperback</subfield>
            </datafield>
            <datafield tag="020" ind1=" " ind2=" ">
               <subfield code="a">1455568546</subfield>
               <subfield code="q">paperback</subfield>
            </datafield>
            <datafield tag="035" ind1=" " ind2=" ">
               <subfield code="a">(OCoLC)917345581</subfield>
            </datafield>
            <datafield tag="041" ind1="1" ind2=" ">
               <subfield code="a">eng</subfield>
               <subfield code="h">ger</subfield>
            </datafield>
            <datafield tag="050" ind1="0" ind2="0">
               <subfield code="a">PT2718.A15</subfield>
               <subfield code="b">F3413 2016</subfield>
            </datafield>
            <datafield tag="082" ind1="0" ind2="0">
               <subfield code="a">833/.92</subfield>
               <subfield code="2">23</subfield>
            </datafield>
            <datafield tag="100" ind1="1" ind2=" ">
               <subfield code="a">Raabe, Melanie,</subfield>
               <subfield code="d">1981-</subfield>
               <subfield code="e">author.</subfield>
            </datafield>
            <datafield tag="240" ind1="1" ind2="0">
               <subfield code="a">Falle.</subfield>
               <subfield code="l">English</subfield>
            </datafield>
            <datafield tag="245" ind1="1" ind2="4">
               <subfield code="a">The trap /</subfield>
               <subfield code="c">Melanie Raabe ; translated by Imogen Taylor.</subfield>
            </datafield>
            <datafield tag="250" ind1=" " ind2=" ">
               <subfield code="a">First Hachette Book Group edition.</subfield>
            </datafield>
            <datafield tag="264" ind1=" " ind2="1">
               <subfield code="a">New York :</subfield>
               <subfield code="b">Grand Central Publishing,</subfield>
               <subfield code="c">2016.</subfield>
            </datafield>
            <datafield tag="300" ind1=" " ind2=" ">
               <subfield code="a">343 pages ;</subfield>
               <subfield code="c">24 cm</subfield>
            </datafield>
            <datafield tag="500" ind1=" " ind2=" ">
               <subfield code="a">&quot;Originally published as Die Falle by Verlagsgruppe Random House GmbH&quot;--Title page verso.</subfield>
            </datafield>
            <datafield tag="520" ind1=" " ind2=" ">
               <subfield code="a">&quot;In this twisted debut thriller, a reclusive author sets the perfect trap for her sister's murderer--but is he really the killer? For 11 years, the bestselling author Linda Conrads has mystified fans by never setting foot outside her home. Haunted by the unsolved murder of her younger sister--who she discovered in a pool of blood--and the face of the man she saw fleeing the scene, Linda's hermit existence helps her cope with debilitating anxiety. But the sanctity of her oasis is shattered when she sees her sister's murderer on television. Hobbled by years of isolation, Linda resolves to use the plot of her next novel to lay an irresistible trap for the man. As the plan is set in motion and the past comes rushing back, Linda's memories--and her very sanity--are called into question. Is this man a heartless killer or merely a helpless victim?&quot;--</subfield>
               <subfield code="c">Provided by publisher.</subfield>
            </datafield>
            <datafield tag="650" ind1=" " ind2="0">
               <subfield code="a">Novelists</subfield>
               <subfield code="v">Fiction.</subfield>
            </datafield>
            <datafield tag="650" ind1=" " ind2="0">
               <subfield code="a">Sisters</subfield>
               <subfield code="x">Crimes against</subfield>
               <subfield code="v">Fiction.</subfield>
            </datafield>
            <datafield tag="650" ind1=" " ind2="7">
               <subfield code="a">FICTION / Literary.</subfield>
               <subfield code="2">bisacsh</subfield>
            </datafield>
            <datafield tag="650" ind1=" " ind2="7">
               <subfield code="a">FICTION / Suspense.</subfield>
               <subfield code="2">bisacsh</subfield>
            </datafield>
            <datafield tag="650" ind1=" " ind2="7">
               <subfield code="0">(DE-588)4258697-5</subfield>
               <subfield code="0">(uri)http://d-nb.info/gnd/4258697-5</subfield>
               <subfield code="0">(DE-101)042586976</subfield>
               <subfield code="a">Autorin.</subfield>
               <subfield code="2">gnd</subfield>
            </datafield>
            <datafield tag="650" ind1=" " ind2="7">
               <subfield code="0">(DE-588)4126467-8</subfield>
               <subfield code="0">(uri)http://d-nb.info/gnd/4126467-8</subfield>
               <subfield code="0">(DE-101)041264673</subfield>
               <subfield code="a">Rache.</subfield>
               <subfield code="2">gnd</subfield>
            </datafield>
            <datafield tag="650" ind1=" " ind2="7">
               <subfield code="0">(DE-588)4170349-2</subfield>
               <subfield code="0">(uri)http://d-nb.info/gnd/4170349-2</subfield>
               <subfield code="0">(DE-101)041703499</subfield>
               <subfield code="a">Mörder.</subfield>
               <subfield code="2">gnd</subfield>
            </datafield>
            <datafield tag="650" ind1=" " ind2="7">
               <subfield code="0">(DE-588)4053978-7</subfield>
               <subfield code="0">(uri)http://d-nb.info/gnd/4053978-7</subfield>
               <subfield code="0">(DE-101)040539784</subfield>
               <subfield code="a">Schwester.</subfield>
               <subfield code="2">gnd</subfield>
            </datafield>
            <datafield tag="650" ind1=" " ind2="7">
               <subfield code="0">(DE-588)4028859-6</subfield>
               <subfield code="0">(uri)http://d-nb.info/gnd/4028859-6</subfield>
               <subfield code="0">(DE-101)040288595</subfield>
               <subfield code="a">Jugend.</subfield>
               <subfield code="2">gnd</subfield>
            </datafield>
            <datafield tag="651" ind1=" " ind2="7">
               <subfield code="0">(DE-588)4056971-8</subfield>
               <subfield code="0">(uri)http://d-nb.info/gnd/4056971-8</subfield>
               <subfield code="0">(DE-101)040569713</subfield>
               <subfield code="a">Starnberger See.</subfield>
               <subfield code="2">gnd</subfield>
            </datafield>
            <datafield tag="655" ind1=" " ind2="7">
               <subfield code="a">Detective and mystery fiction.</subfield>
               <subfield code="2">lcgft</subfield>
            </datafield>
            <datafield tag="655" ind1=" " ind2="7">
               <subfield code="a">Thrillers (Fiction)</subfield>
               <subfield code="2">lcgft</subfield>
            </datafield>
            <datafield tag="655" ind1=" " ind2="7">
               <subfield code="a">Mystery fiction.</subfield>
               <subfield code="2">gsafd</subfield>
            </datafield>
            <datafield tag="655" ind1=" " ind2="7">
               <subfield code="0">(DE-588)1071854844</subfield>
               <subfield code="0">(uri)http://d-nb.info/gnd/1071854844</subfield>
               <subfield code="0">(DE-101)1071854844</subfield>
               <subfield code="a">Fiktionale Darstellung.</subfield>
               <subfield code="2">gnd-content</subfield>
            </datafield>
            <datafield tag="655" ind1=" " ind2="7">
               <subfield code="0">(DE-101)1010874802</subfield>
               <subfield code="a">Krimis, Thriller, Spionage.</subfield>
               <subfield code="2">gatbeg</subfield>
            </datafield>
            <datafield tag="999" ind1=" " ind2=" ">
               <subfield code="a">PT2718.A15F3413 2016</subfield>
               <subfield code="w">LC</subfield>
               <subfield code="c">1</subfield>
               <subfield code="i">000079040563</subfield>
               <subfield code="d">11/1/2021</subfield>
               <subfield code="e">10/4/2021</subfield>
               <subfield code="l">STACKS-MK</subfield>
               <subfield code="m">GALLEGHENY</subfield>
               <subfield code="n">3</subfield>
               <subfield code="r">Y</subfield>
               <subfield code="s">Y</subfield>
               <subfield code="t">BOOKFLOAT</subfield>
               <subfield code="u">8/8/2016</subfield>
               <subfield code="o">.STAFF. GOBI</subfield>
            </datafield>
      </record>
    </metadata>
  </record>