
   <record> 
    <header>
      <identifier>oai:cat.libraries.psu.edu:18158437</identifier> 
      <datestamp>2022-12-16</datestamp>
      <setSpec>BOOK</setSpec> 
    </header>
    <metadata>
      <record xmlns="http://www.loc.gov/MARC21/slim" xsi:schemaLocation="http://www.loc.gov/MARC21/slim http://www.loc.gov/standards/marcxml/schema/MARC21slim.xsd" type="Bibliographic">
         <leader>     cem  22      i 4500</leader>
         <controlfield tag="008">151210t20152015cauab    b    000 0 eng  </controlfield>
            <datafield tag="010" ind1=" " ind2=" ">
               <subfield code="a">  2015041942</subfield>
            </datafield>
            <datafield tag="020" ind1=" " ind2=" ">
               <subfield code="a">9781941384213 (softcover : alk. paper)</subfield>
            </datafield>
            <datafield tag="020" ind1=" " ind2=" ">
               <subfield code="a">1941384218 (softcover : alk. paper)</subfield>
            </datafield>
            <datafield tag="035" ind1=" " ind2=" ">
               <subfield code="a">AQ12682732</subfield>
            </datafield>
            <datafield tag="035" ind1=" " ind2=" ">
               <subfield code="a">(OCoLC)928482206</subfield>
            </datafield>
            <datafield tag="050" ind1="0" ind2="0">
               <subfield code="a">QE90.S116</subfield>
               <subfield code="b">G457 2015</subfield>
            </datafield>
            <datafield tag="082" ind1="0" ind2="0">
               <subfield code="a">557.94/99</subfield>
               <subfield code="2">23</subfield>
            </datafield>
            <datafield tag="245" ind1="0" ind2="0">
               <subfield code="a">Geology of the Coyote Mountains, southern California /</subfield>
               <subfield code="c">Randall Wagner, editor.</subfield>
            </datafield>
            <datafield tag="250" ind1=" " ind2=" ">
               <subfield code="a">First edition.</subfield>
            </datafield>
            <datafield tag="264" ind1=" " ind2="1">
               <subfield code="a">San Diego, California :</subfield>
               <subfield code="b">San Diego Association of Geologists :</subfield>
               <subfield code="b">Sunbelt Publications,</subfield>
               <subfield code="c">2015.</subfield>
            </datafield>
            <datafield tag="300" ind1=" " ind2=" ">
               <subfield code="a">xii, 146 pages :</subfield>
               <subfield code="b">illustrations (some color), maps (some color) ;</subfield>
               <subfield code="c">28 cm</subfield>
            </datafield>
            <datafield tag="500" ind1=" " ind2=" ">
               <subfield code="a">&quot;Published in conjunction with the 2015 field trip of the San Diego Association of Geologists, November 6-8, 2015.&quot;</subfield>
            </datafield>
            <datafield tag="504" ind1=" " ind2=" ">
               <subfield code="a">Includes bibliographical references.</subfield>
            </datafield>
            <datafield tag="505" ind1="0" ind2=" ">
               <subfield code="a">Machine generated contents note: I.ROAD LOGS -- A.Painted Gorge Loop via Rough Jeep Trail and Alverson (Fossil) Canyon / JR Morgan -- Painted Gorge Loop -- Stop 1 Painted Gorge amphitheater -- Stop 2 View of the upper Alverson Canyon (Fossil Canyon) -- Stop 3 Viejo sandstone -- Stop 4 Reactivated landslide -- Stop 5 Offset marble channel fanglomerates -- Stop 6 Impressive mullion structures -- Stop 7 Low angle fault -- Stop 8 Painted Gorge Wash left-lateral fault -- Stop 9 Scarp of Painted Gorge Wash fault -- Alverson And Butaca Canyons Loop -- Stop 10 Mouth of Alverson Canyon -- Stop 11 Viejo marine sediments interfingering with Green Fanglomerate -- Stop 12 Green Fanglomerate overlain by Alverson Formation volcanics -- Stop 13 Woodring's outcrops -- B.Fossil Canyon to Gypsum Canyon / Ann Bykerk-Kauffman -- Stop 1 Deguynos Formation in Fossil Canyon -- Stop 1A Coyote Clay -- Stop 1B Miocene Red Rock Formation -- Stop 1C Low angle fault -- Stop 1D Pahoehoe basalt flow -- Stop 1E Tuff bed -- Stop 1F Alverson-Red Rock contact -- Stop 1G &quot;Hoodoo&quot; bed -- Stop 2 Elsinore fault zone -- Stop 2A R-Riedel shear faults -- Stop 2B Faulted hoodoo bed -- Stop 2C Buttress disconformity -- Stop 3 Pegmatite in Jurassic schist and gneiss -- Stop 4 Elsinore fault -- Stop 5 Coquina bed -- Stop 6 Gypsum Canyon -- Stop 6A Fossiliferous Latrania Formation -- Stop 6B Fish Creek Gypsum -- Stop 6C Left-lateral fault and drag fold -- Stop 6D Latrania-capping resistant sandstone bed -- C.Elsinore fault Evidence from structural analysis of reworked oyster conglomerates: Southern Coyote Mountains, Imperial County, California / David Arash Teimoorian -- Stop 1 Western exposure of the shell-bearing conglomerate -- Stop 2 Eastern exposure of the shell-bearing conglomerate -- Stop 3 Eastern exposure of the Elsinore fault -- D.Andrade Canyon Loop Hike / Randy Wagner -- Mile 0.0 Trailhead -- Mile 0.4 Crest of hill and view to south -- Mile 1.4 Fossiliferous Latrania sandstone -- Mile 1.6 Basement crystalline rock faulted against marine sandstone and mudstone -- Mile 2.6 Slot canyon -- Mile 3.0 Confluence with Andrade Canyon -- Mile 3.9 Vertical canyon walls of faulted Latrania Sandstone -- Mile 4.1 Dry falls -- Mile 6.0 Gneiss, schist, and marble -- II.NEW PAPERS -- Breaking up is not so hard to do: A history of the geologically brief attachment of southern California to southwestern Arizona / David Bloom -- Overview of the Geology of the southern Coyote Mountains, Salton Trough, Imperial County, southern California / J. R. Morgan -- First report of early Miocene land mammals from the Red Rock Formation, southern Coyote Mountains, Imperial County, California / Bridget Borce -- Geomorphic analysis of late Quaternary activity of the Earthquake valley and Hot Springs-San Felipe Fault Zones, and their role in slip transfer between the northern Elsinore and southern San Jacinto faults / Chris Goetz -- The Distribution of Pediments in the Coyote Mountains, Southern California / Paul Melcon -- III.HISTORICAL PAPERS -- Notes on the geology of Carrizo Mountain and vicinity, San Diego County, CaL / Walter C. Mendenhall -- Geology and Mineral Resources, San Diego and Imperial Counties / Frederick J. H. Merrill.</subfield>
            </datafield>
            <datafield tag="650" ind1=" " ind2="0">
               <subfield code="a">Geology</subfield>
               <subfield code="z">California</subfield>
               <subfield code="z">Coyote Mountains.</subfield>
            </datafield>
            <datafield tag="650" ind1=" " ind2="7">
               <subfield code="a">Geology.</subfield>
               <subfield code="2">fast</subfield>
               <subfield code="0">(OCoLC)fst00940627</subfield>
            </datafield>
            <datafield tag="651" ind1=" " ind2="0">
               <subfield code="a">Coyote Mountains (Calif.)</subfield>
               <subfield code="0">http://id.loc.gov/authorities/subjects/sh2015002947</subfield>
            </datafield>
            <datafield tag="651" ind1=" " ind2="0">
               <subfield code="a">Coyote Mountains (Calif.)</subfield>
               <subfield code="v">Guidebooks.</subfield>
            </datafield>
            <datafield tag="651" ind1=" " ind2="7">
               <subfield code="a">California</subfield>
               <subfield code="z">Coyote Mountains.</subfield>
               <subfield code="2">fast</subfield>
               <subfield code="0">(OCoLC)fst01937612</subfield>
            </datafield>
            <datafield tag="655" ind1=" " ind2="7">
               <subfield code="a">Guidebooks.</subfield>
               <subfield code="2">fast</subfield>
               <subfield code="0">(OCoLC)fst01423871</subfield>
            </datafield>
            <datafield tag="700" ind1="1" ind2=" ">
               <subfield code="a">Wagner, Randall</subfield>
               <subfield code="c">(Geologist),</subfield>
               <subfield code="e">editor.</subfield>
               <subfield code="0">http://id.loc.gov/authorities/names/n2015071481</subfield>
            </datafield>
            <datafield tag="710" ind1="2" ind2=" ">
               <subfield code="a">San Diego Association of Geologists.</subfield>
               <subfield code="0">http://id.loc.gov/authorities/names/n85261573</subfield>
            </datafield>
            <datafield tag="999" ind1=" " ind2=" ">
               <subfield code="a">QE90.S116G457 2015</subfield>
               <subfield code="w">LC</subfield>
               <subfield code="c">1</subfield>
               <subfield code="i">000079049009</subfield>
               <subfield code="d">7/14/2017</subfield>
               <subfield code="e">6/6/2017</subfield>
               <subfield code="l">STACKS-EM</subfield>
               <subfield code="m">UP-EMS</subfield>
               <subfield code="r">Y</subfield>
               <subfield code="s">Y</subfield>
               <subfield code="t">BOOK</subfield>
               <subfield code="u">8/8/2016</subfield>
               <subfield code="o">.STAFF. GOBI</subfield>
            </datafield>
      </record>
    </metadata>
  </record>