
   <record> 
    <header>
      <identifier>oai:cat.libraries.psu.edu:18158438</identifier> 
      <datestamp>2022-12-16</datestamp>
      <setSpec>MAP</setSpec> 
    </header>
    <metadata>
      <record xmlns="http://www.loc.gov/MARC21/slim" xsi:schemaLocation="http://www.loc.gov/MARC21/slim http://www.loc.gov/standards/marcxml/schema/MARC21slim.xsd" type="Bibliographic">
         <leader>     nam  22     8a 4500</leader>
         <controlfield tag="008">160809s1978    mdu       a     1   eng c</controlfield>
            <datafield tag="035" ind1=" " ind2=" ">
               <subfield code="a">(OCoLC)956362133</subfield>
            </datafield>
            <datafield tag="050" ind1=" " ind2="4">
               <subfield code="a">G3843.C6 1978</subfield>
               <subfield code="b">.A4</subfield>
            </datafield>
            <datafield tag="110" ind1="2" ind2=" ">
               <subfield code="a">Alexandria Drafting Company</subfield>
               <subfield code="e">cartographer.</subfield>
            </datafield>
            <datafield tag="245" ind1="1" ind2="0">
               <subfield code="a">Charles County, Md.</subfield>
            </datafield>
            <datafield tag="246" ind1="3" ind2=" ">
               <subfield code="a">Charles County, Maryland</subfield>
            </datafield>
            <datafield tag="246" ind1="1" ind2=" ">
               <subfield code="i">Panel title:</subfield>
               <subfield code="a">Map of Charles County, Maryland</subfield>
            </datafield>
            <datafield tag="255" ind1=" " ind2=" ">
               <subfield code="a">Scale approximately 1:140,000</subfield>
               <subfield code="c">(W 77°19ʹ20ʺ--W 76°40ʹ23ʺ/N 38°42ʹ16ʺ--N 38°10ʹ16ʺ).</subfield>
            </datafield>
            <datafield tag="264" ind1=" " ind2="1">
               <subfield code="a">La Plata, Maryland :</subfield>
               <subfield code="b">Charles County Chamber of Commerce,</subfield>
               <subfield code="c">[1978]</subfield>
            </datafield>
            <datafield tag="300" ind1=" " ind2=" ">
               <subfield code="a">1 map :</subfield>
               <subfield code="b">color ;</subfield>
               <subfield code="c">41 x 39 cm, on sheet 57 x 87 cm, folded to 22 x 10 cm</subfield>
            </datafield>
            <datafield tag="500" ind1=" " ind2=" ">
               <subfield code="a">&quot;Copyright 1978 by Alexandria Drafting Company.&quot;</subfield>
            </datafield>
            <datafield tag="500" ind1=" " ind2=" ">
               <subfield code="a">&quot;Another service of Charles County Chamber of Commerce&quot;--Panel.</subfield>
            </datafield>
            <datafield tag="500" ind1=" " ind2=" ">
               <subfield code="a">Includes note, outline map, and advertisements.</subfield>
            </datafield>
            <datafield tag="500" ind1=" " ind2=" ">
               <subfield code="a">On verso: index, advertisements, and 5 ancillary maps: Waldorf/St. Charles and vicinity -- Indian Head -- Cobb Island -- Bryans Road -- La Plata.</subfield>
            </datafield>
            <datafield tag="651" ind1=" " ind2="0">
               <subfield code="a">Charles County (Md.)</subfield>
               <subfield code="v">Maps.</subfield>
            </datafield>
            <datafield tag="651" ind1=" " ind2="0">
               <subfield code="a">Waldorf (Md.)</subfield>
               <subfield code="v">Maps.</subfield>
            </datafield>
            <datafield tag="651" ind1=" " ind2="0">
               <subfield code="a">Saint Charles (Md.)</subfield>
               <subfield code="v">Maps.</subfield>
            </datafield>
            <datafield tag="651" ind1=" " ind2="0">
               <subfield code="a">Indian Head (Md.)</subfield>
               <subfield code="v">Maps.</subfield>
            </datafield>
            <datafield tag="651" ind1=" " ind2="0">
               <subfield code="a">Cobb Island (Md.)</subfield>
               <subfield code="v">Maps.</subfield>
            </datafield>
            <datafield tag="651" ind1=" " ind2="0">
               <subfield code="a">Bryans Road (Md.)</subfield>
               <subfield code="v">Maps.</subfield>
            </datafield>
            <datafield tag="651" ind1=" " ind2="0">
               <subfield code="a">La Plata (Md.)</subfield>
               <subfield code="v">Maps.</subfield>
            </datafield>
            <datafield tag="651" ind1=" " ind2="7">
               <subfield code="a">Maryland</subfield>
               <subfield code="z">Charles County.</subfield>
               <subfield code="2">fast</subfield>
               <subfield code="0">(OCoLC)fst01212000</subfield>
            </datafield>
            <datafield tag="655" ind1=" " ind2="7">
               <subfield code="a">Maps.</subfield>
               <subfield code="2">lcgft</subfield>
            </datafield>
            <datafield tag="655" ind1=" " ind2="7">
               <subfield code="a">Maps.</subfield>
               <subfield code="2">fast</subfield>
               <subfield code="0">(OCoLC)fst01423704</subfield>
            </datafield>
            <datafield tag="710" ind1="2" ind2=" ">
               <subfield code="a">Charles County Chamber of Commerce,</subfield>
               <subfield code="e">publisher.</subfield>
            </datafield>
            <datafield tag="999" ind1=" " ind2=" ">
               <subfield code="a">G3843.C6 1978.A4</subfield>
               <subfield code="w">LC</subfield>
               <subfield code="c">1</subfield>
               <subfield code="i">000078683938</subfield>
               <subfield code="f">1/29/2018</subfield>
               <subfield code="g">1</subfield>
               <subfield code="l">MAPS-MP</subfield>
               <subfield code="m">UP-MAPS</subfield>
               <subfield code="r">Y</subfield>
               <subfield code="s">Y</subfield>
               <subfield code="t">MAP</subfield>
               <subfield code="u">8/9/2016</subfield>
            </datafield>
      </record>
    </metadata>
  </record>