
   <record> 
    <header>
      <identifier>oai:cat.libraries.psu.edu:18158441</identifier> 
      <datestamp>2022-12-16</datestamp>
      <setSpec>BOOK</setSpec> 
    </header>
    <metadata>
      <record xmlns="http://www.loc.gov/MARC21/slim" xsi:schemaLocation="http://www.loc.gov/MARC21/slim http://www.loc.gov/standards/marcxml/schema/MARC21slim.xsd" type="Bibliographic">
         <leader>     cam  22      i 4500</leader>
         <controlfield tag="008">151123s2016    ncua     b    001 0 eng c</controlfield>
            <datafield tag="010" ind1=" " ind2=" ">
               <subfield code="a">  2015044447</subfield>
            </datafield>
            <datafield tag="020" ind1=" " ind2=" ">
               <subfield code="a">9780822361510</subfield>
               <subfield code="q">(hardcover ;</subfield>
               <subfield code="q">alk. paper)</subfield>
            </datafield>
            <datafield tag="020" ind1=" " ind2=" ">
               <subfield code="a">0822361515</subfield>
               <subfield code="q">(hardcover ;</subfield>
               <subfield code="q">alk. paper)</subfield>
            </datafield>
            <datafield tag="020" ind1=" " ind2=" ">
               <subfield code="a">9780822361701</subfield>
               <subfield code="q">(pbk. ;</subfield>
               <subfield code="q">alk. paper)</subfield>
            </datafield>
            <datafield tag="020" ind1=" " ind2=" ">
               <subfield code="a">0822361701</subfield>
               <subfield code="q">(pbk. ;</subfield>
               <subfield code="q">alk. paper)</subfield>
            </datafield>
            <datafield tag="035" ind1=" " ind2=" ">
               <subfield code="a">(OCoLC)930364281</subfield>
            </datafield>
            <datafield tag="050" ind1="0" ind2="0">
               <subfield code="a">DT633</subfield>
               <subfield code="b">.K393 2016</subfield>
            </datafield>
            <datafield tag="082" ind1="0" ind2="0">
               <subfield code="a">966.62/02</subfield>
               <subfield code="2">23</subfield>
            </datafield>
            <datafield tag="100" ind1="1" ind2=" ">
               <subfield code="a">Kazanjian, David,</subfield>
               <subfield code="d">1967-</subfield>
               <subfield code="e">author.</subfield>
            </datafield>
            <datafield tag="245" ind1="1" ind2="4">
               <subfield code="a">The brink of freedom :</subfield>
               <subfield code="b">improvising life in the nineteenth-century Atlantic world /</subfield>
               <subfield code="c">David Kazanjian.</subfield>
            </datafield>
            <datafield tag="264" ind1=" " ind2="1">
               <subfield code="a">Durham :</subfield>
               <subfield code="b">Duke University Press,</subfield>
               <subfield code="c">2016.</subfield>
            </datafield>
            <datafield tag="300" ind1=" " ind2=" ">
               <subfield code="a">329 pages :</subfield>
               <subfield code="b">illustrations ;</subfield>
               <subfield code="c">24 cm</subfield>
            </datafield>
            <datafield tag="504" ind1=" " ind2=" ">
               <subfield code="a">Includes bibliographical references (pages 285-314) and index.</subfield>
            </datafield>
            <datafield tag="505" ind1="0" ind2=" ">
               <subfield code="a">Atlantic speculations, quotidian globalities -- Liberia -- It all most cost us death seeking life? Recursive returns and unsettled nativities -- Suffering gain and it remain? The speculative freedom of early Liberia -- Yucatán -- En sus futuros destinos? Casta capitalism -- Por eso peleamos? Recasting libertad -- Coda -- Archives for the future.</subfield>
            </datafield>
            <datafield tag="650" ind1=" " ind2="0">
               <subfield code="a">African Americans</subfield>
               <subfield code="x">Colonization</subfield>
               <subfield code="z">Liberia</subfield>
               <subfield code="x">History</subfield>
               <subfield code="y">19th century.</subfield>
            </datafield>
            <datafield tag="650" ind1=" " ind2="0">
               <subfield code="a">Mayas</subfield>
               <subfield code="z">Mexico</subfield>
               <subfield code="z">Yucatán (State)</subfield>
               <subfield code="x">History</subfield>
               <subfield code="y">19th century.</subfield>
            </datafield>
            <datafield tag="650" ind1=" " ind2="7">
               <subfield code="a">African Americans</subfield>
               <subfield code="x">Colonization.</subfield>
               <subfield code="2">fast</subfield>
               <subfield code="0">(OCoLC)fst00799587</subfield>
            </datafield>
            <datafield tag="650" ind1=" " ind2="7">
               <subfield code="a">Mayas.</subfield>
               <subfield code="2">fast</subfield>
               <subfield code="0">(OCoLC)fst01012775</subfield>
            </datafield>
            <datafield tag="651" ind1=" " ind2="0">
               <subfield code="a">Liberia</subfield>
               <subfield code="x">History</subfield>
               <subfield code="y">20th century.</subfield>
            </datafield>
            <datafield tag="651" ind1=" " ind2="0">
               <subfield code="a">Yucatán (Mexico : State)</subfield>
               <subfield code="x">History</subfield>
               <subfield code="y">19th century.</subfield>
            </datafield>
            <datafield tag="651" ind1=" " ind2="7">
               <subfield code="a">Liberia.</subfield>
               <subfield code="2">fast</subfield>
               <subfield code="0">(OCoLC)fst01205331</subfield>
            </datafield>
            <datafield tag="651" ind1=" " ind2="7">
               <subfield code="a">Mexico</subfield>
               <subfield code="z">Yucatán (State)</subfield>
               <subfield code="2">fast</subfield>
               <subfield code="0">(OCoLC)fst01330523</subfield>
            </datafield>
            <datafield tag="655" ind1=" " ind2="7">
               <subfield code="a">History.</subfield>
               <subfield code="2">fast</subfield>
               <subfield code="0">(OCoLC)fst01411628</subfield>
            </datafield>
            <datafield tag="999" ind1=" " ind2=" ">
               <subfield code="a">DT633.K393 2016</subfield>
               <subfield code="w">LC</subfield>
               <subfield code="c">1</subfield>
               <subfield code="i">000079030045</subfield>
               <subfield code="d">2/27/2020</subfield>
               <subfield code="e">2/27/2020</subfield>
               <subfield code="k">CHECKEDOUT</subfield>
               <subfield code="l">PATTEE-1A</subfield>
               <subfield code="m">UP-PAT</subfield>
               <subfield code="n">5</subfield>
               <subfield code="r">M</subfield>
               <subfield code="s">Y</subfield>
               <subfield code="t">BOOK</subfield>
               <subfield code="u">8/9/2016</subfield>
            </datafield>
      </record>
    </metadata>
  </record>