
   <record> 
    <header>
      <identifier>oai:cat.libraries.psu.edu:18158442</identifier> 
      <datestamp>2022-12-16</datestamp>
      <setSpec>BOOK</setSpec> 
    </header>
    <metadata>
      <record xmlns="http://www.loc.gov/MARC21/slim" xsi:schemaLocation="http://www.loc.gov/MARC21/slim http://www.loc.gov/standards/marcxml/schema/MARC21slim.xsd" type="Bibliographic">
         <leader>     cam  22      i 4500</leader>
         <controlfield tag="008">160119s2016    aluab    b   s001 0 eng  </controlfield>
            <datafield tag="010" ind1=" " ind2=" ">
               <subfield code="a">  2015042384</subfield>
            </datafield>
            <datafield tag="020" ind1=" " ind2=" ">
               <subfield code="a">9780817319052 (hardback : alkaline paper)</subfield>
            </datafield>
            <datafield tag="020" ind1=" " ind2=" ">
               <subfield code="a">0817319050 (hardback : alkaline paper)</subfield>
            </datafield>
            <datafield tag="035" ind1=" " ind2=" ">
               <subfield code="a">(OCoLC)930257237</subfield>
            </datafield>
            <datafield tag="050" ind1="0" ind2="0">
               <subfield code="a">E78.T3</subfield>
               <subfield code="b">N49 2016</subfield>
            </datafield>
            <datafield tag="082" ind1="0" ind2="0">
               <subfield code="a">976.8/053</subfield>
               <subfield code="2">23</subfield>
            </datafield>
            <datafield tag="245" ind1="0" ind2="0">
               <subfield code="a">New Deal archaeology in Tennessee :</subfield>
               <subfield code="b">intellectual, methodological, and theoretical contributions /</subfield>
               <subfield code="c">edited by David H. Dye.</subfield>
            </datafield>
            <datafield tag="264" ind1=" " ind2="1">
               <subfield code="a">Tuscaloosa :</subfield>
               <subfield code="b">University of Alabama Press,</subfield>
               <subfield code="c">[2016]</subfield>
            </datafield>
            <datafield tag="300" ind1=" " ind2=" ">
               <subfield code="a">xiv, 250 pages :</subfield>
               <subfield code="b">illustrations, maps ;</subfield>
               <subfield code="c">24 cm</subfield>
            </datafield>
            <datafield tag="504" ind1=" " ind2=" ">
               <subfield code="a">Includes bibliographical references and index.</subfield>
            </datafield>
            <datafield tag="505" ind1="0" ind2=" ">
               <subfield code="a">Machine generated contents note: I.ARCHAEOLOGISTS AND THE NEW DEAL -- 1.W. C. McKern as Adviser, Consultant, and Godfather for New Deal Archaeology in Tennessee / David H. Dye -- 2.New Deal Archaeology and the Chicago Method / Jessica R. Howe -- 3.William S. Webb and the Paradoxical Leadership of TVA Archaeology / Douglas W. Schwartz -- II.ARCHAEOLOGY AND THE NEW DEAL IN TENNESSEE -- 4.Reinterpreting the Shell Mound Archaic in Western Tennessee: A GIS-Based Approach to Radiocarbon Sampling of New Deal-Era Site Collections / Thaddeus G. Bissett -- 5.Depression-Era Archaeology in the Watts Bar Reservoir, East Tennessee / Jessica Dalton-Carriger -- 6.WPA Excavations at the Mound Bottom and Pack Sites in Middle Tennessee, 1936--1940 / Kevin E. Smith -- 7.Reconfiguring the Chickamauga Basin / Lynne P. Sullivan -- 8.Bioarchaeological Analysis of the WPA Mound Bottom Skeletal Sample / Dawnie Wolfe Steadman -- III.THE LEGACY OF THE NEW DEAL -- 9.The Tennessee Archaeological Society from 1944 to 1985: Legacy and Consequences of the New Deal in Tennessee / Kevin E. Smith -- 10.Tennessee's New Deal Archaeology on the National Stage / Bernard K. Means -- 11.Comments on New Deal Archaeology in Tennessee, Then and Now / Gerald F. Schroedl.</subfield>
            </datafield>
            <datafield tag="520" ind1="2" ind2=" ">
               <subfield code="a">&quot;New Deal Archaeology in Tennessee is a collection of essays that explore how contemporary archaeology was catalyzed and shaped by the archaeological revolution during the New Deal era&quot;--</subfield>
               <subfield code="c">Provided by publisher.</subfield>
            </datafield>
            <datafield tag="520" ind1="2" ind2=" ">
               <subfield code="a">&quot;New Deal Archaeology in Tennessee tells the engrossing story of Southeastern archaeology in the 1930s. The Tennessee Valley Authority Act of May 1933 initiated an ambitious program of flood control and power generation by way of a chain of hydroelectric dams on the Tennessee River. The construction of these dams flooded hundreds of thousands of square miles of river bottoms, campsites, villages, and towns that had been homes to Native Americans for centuries. This triggered an urgent need to undertake extensive archaeological fieldwork throughout the region. Those studies continue to influence contemporary archaeology. The state of Tennessee and the Tennessee Valley were especially well suited research targets thanks to their mild climate and long field seasons. A third benefit in the 1930s was the abundance of labor supplied by Tennesseans unemployed during the Great Depression. Within months of the passage of the Tennessee Valley Authority Act, teams of archaeologists fanned out across the state and region under the farsighted direction of Smithsonian Institution curators Neil M. Judd, Frank H.H. Roberts, and Frank M. Setzler. The early months of 1934 would become the busiest period of archaeological fieldwork in US history. The twelve insightful essays in New Deal Archaeology in Tennessee document and explore this unique peak in archaeological study. Chapters highlight then-new techniques such as mound 'peeling' and stratigraphic excavation adapted from the University of Chicago; the four specific New Deal sites of Watts Bar Reservoir, Mound Bottom, Pack, and Chickamauga Basin; bioarchaeology in the New Deal; and the enduring impact of the New Deal on contemporary fieldwork. The challenges of the 1930s in recruiting skilled labor, training unskilled ancillary labor, developing and improvising new field methods, and many aspects of archaeological policies, procedures, and best-practices laid much of the foundation of contemporary archaeological practice. New Deal Archaeology in Tennessee offers an invaluable record of that pivotal time for professional, student, and amateur archaeologists&quot;--</subfield>
               <subfield code="c">Provided by publisher.</subfield>
            </datafield>
            <datafield tag="610" ind1="2" ind2="0">
               <subfield code="a">Tennessee Valley Authority</subfield>
               <subfield code="x">History.</subfield>
            </datafield>
            <datafield tag="610" ind1="2" ind2="7">
               <subfield code="a">Tennessee Valley Authority</subfield>
               <subfield code="2">fast</subfield>
               <subfield code="0">(OCoLC)fst00549792</subfield>
            </datafield>
            <datafield tag="611" ind1="2" ind2="7">
               <subfield code="a">New Deal (1933-1939)</subfield>
               <subfield code="2">fast</subfield>
               <subfield code="0">(OCoLC)fst01036721</subfield>
            </datafield>
            <datafield tag="650" ind1=" " ind2="0">
               <subfield code="a">Indians of North America</subfield>
               <subfield code="z">Tennessee</subfield>
               <subfield code="x">Antiquities.</subfield>
            </datafield>
            <datafield tag="650" ind1=" " ind2="0">
               <subfield code="a">Indians of North America</subfield>
               <subfield code="z">Tennessee River Valley</subfield>
               <subfield code="x">Antiquities.</subfield>
            </datafield>
            <datafield tag="650" ind1=" " ind2="0">
               <subfield code="a">Archaeology</subfield>
               <subfield code="z">Tennessee</subfield>
               <subfield code="x">History</subfield>
               <subfield code="y">20th century.</subfield>
            </datafield>
            <datafield tag="650" ind1=" " ind2="0">
               <subfield code="a">New Deal, 1933-1939</subfield>
               <subfield code="z">Tennessee.</subfield>
            </datafield>
            <datafield tag="650" ind1=" " ind2="0">
               <subfield code="a">Excavations (Archaeology)</subfield>
               <subfield code="z">Tennessee.</subfield>
            </datafield>
            <datafield tag="650" ind1=" " ind2="0">
               <subfield code="a">Excavations (Archaeology)</subfield>
               <subfield code="z">Tennessee River Valley.</subfield>
            </datafield>
            <datafield tag="650" ind1=" " ind2="7">
               <subfield code="a">SOCIAL SCIENCE / Archaeology.</subfield>
               <subfield code="2">bisacsh</subfield>
            </datafield>
            <datafield tag="650" ind1=" " ind2="7">
               <subfield code="a">SOCIAL SCIENCE / Anthropology / General.</subfield>
               <subfield code="2">bisacsh</subfield>
            </datafield>
            <datafield tag="650" ind1=" " ind2="7">
               <subfield code="a">SOCIAL SCIENCE / Anthropology / Physical.</subfield>
               <subfield code="2">bisacsh</subfield>
            </datafield>
            <datafield tag="650" ind1=" " ind2="7">
               <subfield code="a">SOCIAL SCIENCE / Anthropology / Cultural.</subfield>
               <subfield code="2">bisacsh</subfield>
            </datafield>
            <datafield tag="650" ind1=" " ind2="7">
               <subfield code="a">SOCIAL SCIENCE / Ethnic Studies / Native American Studies.</subfield>
               <subfield code="2">bisacsh</subfield>
            </datafield>
            <datafield tag="650" ind1=" " ind2="7">
               <subfield code="a">Antiquities.</subfield>
               <subfield code="2">fast</subfield>
               <subfield code="0">(OCoLC)fst00810745</subfield>
            </datafield>
            <datafield tag="650" ind1=" " ind2="7">
               <subfield code="a">Archaeology.</subfield>
               <subfield code="2">fast</subfield>
               <subfield code="0">(OCoLC)fst00812938</subfield>
            </datafield>
            <datafield tag="650" ind1=" " ind2="7">
               <subfield code="a">Excavations (Archaeology)</subfield>
               <subfield code="2">fast</subfield>
               <subfield code="0">(OCoLC)fst00917564</subfield>
            </datafield>
            <datafield tag="650" ind1=" " ind2="7">
               <subfield code="a">Indians of North America</subfield>
               <subfield code="x">Antiquities.</subfield>
               <subfield code="2">fast</subfield>
               <subfield code="0">(OCoLC)fst00969645</subfield>
            </datafield>
            <datafield tag="650" ind1=" " ind2="7">
               <subfield code="a">Intellectual life.</subfield>
               <subfield code="2">fast</subfield>
               <subfield code="0">(OCoLC)fst00975769</subfield>
            </datafield>
            <datafield tag="651" ind1=" " ind2="0">
               <subfield code="a">Tennessee</subfield>
               <subfield code="x">Antiquities.</subfield>
            </datafield>
            <datafield tag="651" ind1=" " ind2="0">
               <subfield code="a">Tennessee River Valley</subfield>
               <subfield code="x">Antiquities.</subfield>
            </datafield>
            <datafield tag="651" ind1=" " ind2="0">
               <subfield code="a">Tennessee</subfield>
               <subfield code="x">Intellectual life</subfield>
               <subfield code="y">20th century.</subfield>
            </datafield>
            <datafield tag="651" ind1=" " ind2="7">
               <subfield code="a">Tennessee.</subfield>
               <subfield code="2">fast</subfield>
               <subfield code="0">(OCoLC)fst01205353</subfield>
            </datafield>
            <datafield tag="651" ind1=" " ind2="7">
               <subfield code="a">United States</subfield>
               <subfield code="z">Tennessee River Valley.</subfield>
               <subfield code="2">fast</subfield>
               <subfield code="0">(OCoLC)fst01275535</subfield>
            </datafield>
            <datafield tag="655" ind1=" " ind2="7">
               <subfield code="a">History.</subfield>
               <subfield code="2">fast</subfield>
               <subfield code="0">(OCoLC)fst01411628</subfield>
            </datafield>
            <datafield tag="700" ind1="1" ind2=" ">
               <subfield code="a">Dye, David H.,</subfield>
               <subfield code="e">editor.</subfield>
            </datafield>
            <datafield tag="999" ind1=" " ind2=" ">
               <subfield code="a">E78.T3N49 2016</subfield>
               <subfield code="w">LC</subfield>
               <subfield code="c">1</subfield>
               <subfield code="i">000078510289</subfield>
               <subfield code="d">8/15/2019</subfield>
               <subfield code="e">8/15/2019</subfield>
               <subfield code="k">CHECKEDOUT</subfield>
               <subfield code="l">PATTEE-1A</subfield>
               <subfield code="m">UP-PAT</subfield>
               <subfield code="n">1</subfield>
               <subfield code="r">M</subfield>
               <subfield code="s">Y</subfield>
               <subfield code="t">BOOK</subfield>
               <subfield code="u">8/9/2016</subfield>
            </datafield>
      </record>
    </metadata>
  </record>