
   <record> 
    <header>
      <identifier>oai:cat.libraries.psu.edu:18158443</identifier> 
      <datestamp>2022-12-16</datestamp>
      <setSpec>BOOK</setSpec> 
    </header>
    <metadata>
      <record xmlns="http://www.loc.gov/MARC21/slim" xsi:schemaLocation="http://www.loc.gov/MARC21/slim http://www.loc.gov/standards/marcxml/schema/MARC21slim.xsd" type="Bibliographic">
         <leader>     cam  22     Ii 4500</leader>
         <controlfield tag="008">160106t20162016caua     b    000 0beng c</controlfield>
            <datafield tag="010" ind1=" " ind2=" ">
               <subfield code="a">  2015047361</subfield>
            </datafield>
            <datafield tag="020" ind1=" " ind2=" ">
               <subfield code="a">9781606064832</subfield>
               <subfield code="q">(hardcover)</subfield>
            </datafield>
            <datafield tag="020" ind1=" " ind2=" ">
               <subfield code="a">1606064835</subfield>
               <subfield code="q">(hardcover)</subfield>
            </datafield>
            <datafield tag="035" ind1=" " ind2=" ">
               <subfield code="a">(OCoLC)933521706</subfield>
            </datafield>
            <datafield tag="041" ind1="1" ind2=" ">
               <subfield code="a">eng</subfield>
               <subfield code="h">fre</subfield>
            </datafield>
            <datafield tag="050" ind1="0" ind2="0">
               <subfield code="a">DC137.1</subfield>
               <subfield code="b">.D4413 2016</subfield>
            </datafield>
            <datafield tag="082" ind1="0" ind2="0">
               <subfield code="a">944/.035092</subfield>
               <subfield code="a">B</subfield>
               <subfield code="2">23</subfield>
            </datafield>
            <datafield tag="100" ind1="1" ind2=" ">
               <subfield code="a">Delalex, Hélène,</subfield>
               <subfield code="e">author.</subfield>
            </datafield>
            <datafield tag="240" ind1="1" ind2="0">
               <subfield code="a">Marie-Antoinette.</subfield>
               <subfield code="l">English</subfield>
            </datafield>
            <datafield tag="245" ind1="1" ind2="0">
               <subfield code="a">Marie-Antoinette /</subfield>
               <subfield code="c">Hélène Delalex, Alexandre Maral, Nicolas Milovanovic.</subfield>
            </datafield>
            <datafield tag="264" ind1=" " ind2="1">
               <subfield code="a">Los Angeles :</subfield>
               <subfield code="b">J. Paul Getty Museum,</subfield>
               <subfield code="c">[2016]</subfield>
            </datafield>
            <datafield tag="264" ind1=" " ind2="4">
               <subfield code="c">©2016</subfield>
            </datafield>
            <datafield tag="300" ind1=" " ind2=" ">
               <subfield code="a">215 pages :</subfield>
               <subfield code="b">color illustrations ;</subfield>
               <subfield code="c">30 cm</subfield>
            </datafield>
            <datafield tag="504" ind1=" " ind2=" ">
               <subfield code="a">Includes bibliographical references (page 210).</subfield>
            </datafield>
            <datafield tag="505" ind1="0" ind2=" ">
               <subfield code="a">At the Viennese court -- The dauphine -- The queen -- Mother and lover -- Torment -- A tragic end.</subfield>
            </datafield>
            <datafield tag="520" ind1=" " ind2=" ">
               <subfield code="a">&quot;The book recounts Marie-Antoinette's early life through her time as Queen of France until her execution. Through the details of key events in her life, the vivid accounts of those who knew her, and illuminating depictions of her world in masterpieces of art, readers will discover Marie-Antoinette, the incarnation of femininity in the eighteenth century&quot;--Provided by publisher.</subfield>
            </datafield>
            <datafield tag="600" ind1="0" ind2="0">
               <subfield code="a">Marie Antoinette,</subfield>
               <subfield code="c">Queen, consort of Louis XVI, King of France,</subfield>
               <subfield code="d">1755-1793</subfield>
               <subfield code="v">Pictorial works.</subfield>
            </datafield>
            <datafield tag="600" ind1="0" ind2="0">
               <subfield code="a">Marie Antoinette,</subfield>
               <subfield code="c">Queen, consort of Louis XVI, King of France,</subfield>
               <subfield code="d">1755-1793</subfield>
               <subfield code="x">Homes and haunts</subfield>
               <subfield code="z">France</subfield>
               <subfield code="z">Versailles</subfield>
               <subfield code="v">Pictorial works.</subfield>
            </datafield>
            <datafield tag="600" ind1="0" ind2="4">
               <subfield code="a">Marie-Antoinette,</subfield>
               <subfield code="c">koningin van Frankrijk.</subfield>
            </datafield>
            <datafield tag="600" ind1="0" ind2="7">
               <subfield code="a">Marie Antoinette,</subfield>
               <subfield code="c">Queen, consort of Louis XVI, King of France,</subfield>
               <subfield code="d">1755-1793.</subfield>
               <subfield code="2">fast</subfield>
               <subfield code="0">(OCoLC)fst00052646</subfield>
            </datafield>
            <datafield tag="610" ind1="2" ind2="0">
               <subfield code="a">Château de Versailles (Versailles, France)</subfield>
               <subfield code="v">Pictorial works.</subfield>
            </datafield>
            <datafield tag="610" ind1="2" ind2="7">
               <subfield code="a">Château de Versailles (Versailles, France)</subfield>
               <subfield code="2">fast</subfield>
               <subfield code="0">(OCoLC)fst00631543</subfield>
            </datafield>
            <datafield tag="650" ind1=" " ind2="0">
               <subfield code="a">Queens</subfield>
               <subfield code="z">France</subfield>
               <subfield code="v">Biography</subfield>
               <subfield code="v">Pictorial works.</subfield>
            </datafield>
            <datafield tag="650" ind1=" " ind2="7">
               <subfield code="a">Buildings.</subfield>
               <subfield code="2">fast</subfield>
               <subfield code="0">(OCoLC)fst00840962</subfield>
            </datafield>
            <datafield tag="650" ind1=" " ind2="7">
               <subfield code="a">Homes.</subfield>
               <subfield code="2">fast</subfield>
               <subfield code="0">(OCoLC)fst01353235</subfield>
            </datafield>
            <datafield tag="650" ind1=" " ind2="7">
               <subfield code="a">Manners and customs.</subfield>
               <subfield code="2">fast</subfield>
               <subfield code="0">(OCoLC)fst01007815</subfield>
            </datafield>
            <datafield tag="650" ind1=" " ind2="7">
               <subfield code="a">Queens.</subfield>
               <subfield code="2">fast</subfield>
               <subfield code="0">(OCoLC)fst01085637</subfield>
            </datafield>
            <datafield tag="651" ind1=" " ind2="0">
               <subfield code="a">Versailles (France)</subfield>
               <subfield code="x">Social life and customs</subfield>
               <subfield code="y">18th century</subfield>
               <subfield code="v">Pictorial works.</subfield>
            </datafield>
            <datafield tag="651" ind1=" " ind2="0">
               <subfield code="a">Versailles (France)</subfield>
               <subfield code="x">Buildings, structures, etc.</subfield>
               <subfield code="v">Pictorial works.</subfield>
            </datafield>
            <datafield tag="651" ind1=" " ind2="0">
               <subfield code="a">France</subfield>
               <subfield code="x">History</subfield>
               <subfield code="y">Louis XVI, 1774-1793</subfield>
               <subfield code="v">Pictorial works.</subfield>
            </datafield>
            <datafield tag="651" ind1=" " ind2="7">
               <subfield code="a">France.</subfield>
               <subfield code="2">fast</subfield>
               <subfield code="0">(OCoLC)fst01204289</subfield>
            </datafield>
            <datafield tag="651" ind1=" " ind2="7">
               <subfield code="a">France</subfield>
               <subfield code="z">Versailles.</subfield>
               <subfield code="2">fast</subfield>
               <subfield code="0">(OCoLC)fst01204688</subfield>
            </datafield>
            <datafield tag="655" ind1=" " ind2="7">
               <subfield code="a">Biography</subfield>
               <subfield code="v">Pictorial works.</subfield>
               <subfield code="2">fast</subfield>
               <subfield code="0">(OCoLC)fst01423829</subfield>
            </datafield>
            <datafield tag="655" ind1=" " ind2="7">
               <subfield code="a">History.</subfield>
               <subfield code="2">fast</subfield>
               <subfield code="0">(OCoLC)fst01411628</subfield>
            </datafield>
            <datafield tag="655" ind1=" " ind2="7">
               <subfield code="a">Pictorial works.</subfield>
               <subfield code="2">fast</subfield>
               <subfield code="0">(OCoLC)fst01423874</subfield>
            </datafield>
            <datafield tag="700" ind1="1" ind2=" ">
               <subfield code="a">Maral, Alexandre,</subfield>
               <subfield code="e">author.</subfield>
            </datafield>
            <datafield tag="700" ind1="1" ind2=" ">
               <subfield code="a">Milovanovic, Nicolas,</subfield>
               <subfield code="e">author.</subfield>
            </datafield>
            <datafield tag="999" ind1=" " ind2=" ">
               <subfield code="a">DC137.1.D4413 2016</subfield>
               <subfield code="w">LC</subfield>
               <subfield code="c">1</subfield>
               <subfield code="i">000078510371</subfield>
               <subfield code="d">5/3/2019</subfield>
               <subfield code="e">3/1/2019</subfield>
               <subfield code="l">PATTEE-BA</subfield>
               <subfield code="m">UP-PAT</subfield>
               <subfield code="n">2</subfield>
               <subfield code="r">Y</subfield>
               <subfield code="s">Y</subfield>
               <subfield code="t">BOOK</subfield>
               <subfield code="u">8/9/2016</subfield>
            </datafield>
      </record>
    </metadata>
  </record>