
   <record> 
    <header>
      <identifier>oai:cat.libraries.psu.edu:18158444</identifier> 
      <datestamp>2022-12-16</datestamp>
      <setSpec>BOOK</setSpec> 
    </header>
    <metadata>
      <record xmlns="http://www.loc.gov/MARC21/slim" xsi:schemaLocation="http://www.loc.gov/MARC21/slim http://www.loc.gov/standards/marcxml/schema/MARC21slim.xsd" type="Bibliographic">
         <leader>     cam  22     Li 4500</leader>
         <controlfield tag="008">160610t20152015enka     bc   001 0 eng d</controlfield>
            <datafield tag="020" ind1=" " ind2=" ">
               <subfield code="a">9781910350409</subfield>
            </datafield>
            <datafield tag="020" ind1=" " ind2=" ">
               <subfield code="a">1910350400</subfield>
            </datafield>
            <datafield tag="035" ind1=" " ind2=" ">
               <subfield code="a">(OCoLC)953632559</subfield>
            </datafield>
            <datafield tag="050" ind1=" " ind2="4">
               <subfield code="a">N6797.J33</subfield>
               <subfield code="b">A4x 2015</subfield>
            </datafield>
            <datafield tag="082" ind1="0" ind2="4">
               <subfield code="a">769.92</subfield>
               <subfield code="2">23</subfield>
            </datafield>
            <datafield tag="100" ind1="1" ind2=" ">
               <subfield code="a">Lloyd, Jill,</subfield>
               <subfield code="e">author.</subfield>
            </datafield>
            <datafield tag="245" ind1="1" ind2="0">
               <subfield code="a">Bill Jacklin :</subfield>
               <subfield code="b">graphics /</subfield>
               <subfield code="c">Jill Lloyd and Nancy Campbell.</subfield>
            </datafield>
            <datafield tag="246" ind1="3" ind2="0">
               <subfield code="a">Graphics</subfield>
            </datafield>
            <datafield tag="264" ind1=" " ind2="1">
               <subfield code="a">London :</subfield>
               <subfield code="b">Royal Academy Publications,</subfield>
               <subfield code="c">[2015]</subfield>
            </datafield>
            <datafield tag="264" ind1=" " ind2="4">
               <subfield code="c">©2015</subfield>
            </datafield>
            <datafield tag="300" ind1=" " ind2=" ">
               <subfield code="a">159 pages :</subfield>
               <subfield code="b">illustrations (chiefly color) ;</subfield>
               <subfield code="c">30 cm</subfield>
            </datafield>
            <datafield tag="500" ind1=" " ind2=" ">
               <subfield code="a">First published on the occasion of the exhibition 'Bill Jacklin RA : the graphic work 1961-2016' at the Royal Academy of Arts, London, 3 June - 28 August 2016.</subfield>
            </datafield>
            <datafield tag="500" ind1=" " ind2=" ">
               <subfield code="a">Limited ed. of 50 copies.</subfield>
            </datafield>
            <datafield tag="504" ind1=" " ind2=" ">
               <subfield code="a">Includes bibliographical references (pages 156-157) and index.</subfield>
            </datafield>
            <datafield tag="505" ind1="0" ind2=" ">
               <subfield code="a">Machine generated contents note: Reflections on Bill Jacklin's Graphic Work / Jill Lloyd -- The Play of Light and the Action of Shadows / Nancy Campbell -- Prints -- Glossary of Bill Jacklin's Printmaking Techniques / Mychael Barratt.</subfield>
            </datafield>
            <datafield tag="600" ind1="1" ind2="0">
               <subfield code="a">Jacklin, Bill</subfield>
               <subfield code="v">Exhibitions.</subfield>
            </datafield>
            <datafield tag="600" ind1="1" ind2="7">
               <subfield code="a">Jacklin, Bill.</subfield>
               <subfield code="2">fast</subfield>
               <subfield code="0">(OCoLC)fst00187678</subfield>
            </datafield>
            <datafield tag="650" ind1=" " ind2="0">
               <subfield code="a">Prints, British</subfield>
               <subfield code="v">Exhibitions.</subfield>
            </datafield>
            <datafield tag="650" ind1=" " ind2="7">
               <subfield code="a">Prints, British.</subfield>
               <subfield code="2">fast</subfield>
               <subfield code="0">(OCoLC)fst01076869</subfield>
            </datafield>
            <datafield tag="655" ind1=" " ind2="7">
               <subfield code="a">Exhibition catalogs.</subfield>
               <subfield code="2">fast</subfield>
               <subfield code="0">(OCoLC)fst01424028</subfield>
            </datafield>
            <datafield tag="700" ind1="1" ind2=" ">
               <subfield code="a">Campbell, Nancy,</subfield>
               <subfield code="d">1978-</subfield>
               <subfield code="e">author.</subfield>
            </datafield>
            <datafield tag="700" ind1="1" ind2="2">
               <subfield code="a">Jacklin, Bill.</subfield>
               <subfield code="t">Works.</subfield>
               <subfield code="k">Selections.</subfield>
            </datafield>
            <datafield tag="710" ind1="2" ind2=" ">
               <subfield code="a">Royal Academy of Arts (Great Britain),</subfield>
               <subfield code="e">host institution.</subfield>
            </datafield>
            <datafield tag="999" ind1=" " ind2=" ">
               <subfield code="a">NE496.J33A4 2016</subfield>
               <subfield code="w">LC</subfield>
               <subfield code="c">1</subfield>
               <subfield code="i">000078510388</subfield>
               <subfield code="d">11/9/2016</subfield>
               <subfield code="e">8/24/2016</subfield>
               <subfield code="l">PATTEE-2</subfield>
               <subfield code="m">UP-PAT</subfield>
               <subfield code="r">Y</subfield>
               <subfield code="s">Y</subfield>
               <subfield code="t">BOOK</subfield>
               <subfield code="u">8/9/2016</subfield>
            </datafield>
      </record>
    </metadata>
  </record>