
   <record> 
    <header>
      <identifier>oai:cat.libraries.psu.edu:18158445</identifier> 
      <datestamp>2022-12-16</datestamp>
      <setSpec>BOOK</setSpec> 
    </header>
    <metadata>
      <record xmlns="http://www.loc.gov/MARC21/slim" xsi:schemaLocation="http://www.loc.gov/MARC21/slim http://www.loc.gov/standards/marcxml/schema/MARC21slim.xsd" type="Bibliographic">
         <leader>     cam  22     Ii 4500</leader>
         <controlfield tag="008">150904s2015    gw a     b    000 0 eng d</controlfield>
            <datafield tag="020" ind1=" " ind2=" ">
               <subfield code="a">9783775740463</subfield>
               <subfield code="q">hardcover</subfield>
            </datafield>
            <datafield tag="020" ind1=" " ind2=" ">
               <subfield code="a">3775740465</subfield>
               <subfield code="q">hardcover</subfield>
            </datafield>
            <datafield tag="035" ind1=" " ind2=" ">
               <subfield code="a">(OCoLC)953597279</subfield>
            </datafield>
            <datafield tag="041" ind1="1" ind2=" ">
               <subfield code="a">eng</subfield>
               <subfield code="a">ger</subfield>
               <subfield code="h">ger</subfield>
            </datafield>
            <datafield tag="050" ind1=" " ind2="4">
               <subfield code="a">TR656.5</subfield>
               <subfield code="b">.A47 2015</subfield>
            </datafield>
            <datafield tag="082" ind1="0" ind2="4">
               <subfield code="a">779/.35</subfield>
               <subfield code="2">23</subfield>
            </datafield>
            <datafield tag="245" ind1="0" ind2="4">
               <subfield code="a">The alphabet of new plants :</subfield>
               <subfield code="b">photographische Pflanzenbilder /</subfield>
               <subfield code="c">von Robert Voit ; mit texten von Christoph Schadens und Steffen Siegel.</subfield>
            </datafield>
            <datafield tag="250" ind1=" " ind2=" ">
               <subfield code="a">1. Auflage.</subfield>
            </datafield>
            <datafield tag="264" ind1=" " ind2="1">
               <subfield code="a">Ostfildern :</subfield>
               <subfield code="b">Hatje Cantz Verlag,</subfield>
               <subfield code="c">2015.</subfield>
            </datafield>
            <datafield tag="300" ind1=" " ind2=" ">
               <subfield code="a">179 pages ;</subfield>
               <subfield code="c">32 cm</subfield>
            </datafield>
            <datafield tag="504" ind1=" " ind2=" ">
               <subfield code="a">Includes bibliographical references.</subfield>
            </datafield>
            <datafield tag="520" ind1="8" ind2=" ">
               <subfield code="a">An album with the most beautiful flowers--yet something does not seem to be right, be it the scruffy contours of a stem made of plastic or the structure of the fabric used for the leaves. These are artificial flowers like those that are mass produced today and available in countless variations for decoration purposes. Making direct reference to Karl Blossfeldt's 'The alphabet of plants' ('Urformen der Kunst') from 1928, Robert Voit (*1969 in Erlangen) assembles an archive of &quot;new&quot; flowers and portrays them against a neutral background. He playfully exposes man's urge to imitate nature. Voit's earlier series New Trees also addressed the imitation of nature, featuring large-format photographs of mobile telephony antennas that blend into the landscape camouflaged as trees, cacti, or palm trees. Robert Voit studied in Thomas Ruff's master class at the Düsseldorf Art Academy.</subfield>
            </datafield>
            <datafield tag="546" ind1=" " ind2=" ">
               <subfield code="a">In English and German.</subfield>
            </datafield>
            <datafield tag="600" ind1="1" ind2="0">
               <subfield code="a">Voit, Robert,</subfield>
               <subfield code="d">1969-</subfield>
            </datafield>
            <datafield tag="650" ind1=" " ind2="0">
               <subfield code="a">Still-life photography.</subfield>
            </datafield>
            <datafield tag="650" ind1=" " ind2="0">
               <subfield code="a">Photography of plants.</subfield>
            </datafield>
            <datafield tag="650" ind1=" " ind2="0">
               <subfield code="a">Artificial flowers</subfield>
               <subfield code="v">Pictorial works.</subfield>
            </datafield>
            <datafield tag="700" ind1="1" ind2="2">
               <subfield code="a">Voit, Robert,</subfield>
               <subfield code="d">1969-</subfield>
               <subfield code="t">Photographs.</subfield>
               <subfield code="k">Selections.</subfield>
            </datafield>
            <datafield tag="700" ind1="1" ind2=" ">
               <subfield code="a">Schadens, Christoph,</subfield>
               <subfield code="e">contributor.</subfield>
            </datafield>
            <datafield tag="700" ind1="1" ind2=" ">
               <subfield code="a">Siegel, Steffen,</subfield>
               <subfield code="e">contributor.</subfield>
            </datafield>
            <datafield tag="730" ind1="0" ind2="2">
               <subfield code="i">Contains (expression)</subfield>
               <subfield code="a">Alphabet of new plants.</subfield>
            </datafield>
            <datafield tag="730" ind1="0" ind2="2">
               <subfield code="i">Contains (expression)</subfield>
               <subfield code="a">Alphabet of new plants.</subfield>
               <subfield code="l">German.</subfield>
            </datafield>
            <datafield tag="999" ind1=" " ind2=" ">
               <subfield code="a">TR656.5.A47 2015</subfield>
               <subfield code="w">LC</subfield>
               <subfield code="c">1</subfield>
               <subfield code="i">000078510395</subfield>
               <subfield code="d">11/9/2016</subfield>
               <subfield code="e">9/8/2016</subfield>
               <subfield code="l">PATTEE-W3</subfield>
               <subfield code="m">UP-PAT</subfield>
               <subfield code="r">Y</subfield>
               <subfield code="s">Y</subfield>
               <subfield code="t">BOOK</subfield>
               <subfield code="u">8/9/2016</subfield>
            </datafield>
      </record>
    </metadata>
  </record>