
   <record> 
    <header>
      <identifier>oai:cat.libraries.psu.edu:18158446</identifier> 
      <datestamp>2022-12-16</datestamp>
      <setSpec>BOOK</setSpec> 
    </header>
    <metadata>
      <record xmlns="http://www.loc.gov/MARC21/slim" xsi:schemaLocation="http://www.loc.gov/MARC21/slim http://www.loc.gov/standards/marcxml/schema/MARC21slim.xsd" type="Bibliographic">
         <leader>     cam  22     Ii 4500</leader>
         <controlfield tag="008">160804s2015    be a     b    000 0 eng  </controlfield>
            <datafield tag="020" ind1=" " ind2=" ">
               <subfield code="a">9789491819490</subfield>
               <subfield code="q">hardback</subfield>
            </datafield>
            <datafield tag="020" ind1=" " ind2=" ">
               <subfield code="a">9491819496</subfield>
               <subfield code="q">hardback</subfield>
            </datafield>
            <datafield tag="035" ind1=" " ind2=" ">
               <subfield code="a">(OCoLC)955313487</subfield>
            </datafield>
            <datafield tag="050" ind1=" " ind2="4">
               <subfield code="a">N7433.4.B556</subfield>
               <subfield code="b">G53 2016</subfield>
            </datafield>
            <datafield tag="050" ind1=" " ind2="4">
               <subfield code="a">N6537.B5643</subfield>
               <subfield code="b">A72 2016</subfield>
            </datafield>
            <datafield tag="082" ind1="0" ind2="4">
               <subfield code="a">700.411.2</subfield>
            </datafield>
            <datafield tag="100" ind1="1" ind2=" ">
               <subfield code="a">Bloom, Barbara,</subfield>
               <subfield code="d">1951-</subfield>
               <subfield code="e">artist,</subfield>
               <subfield code="e">author.</subfield>
            </datafield>
            <datafield tag="245" ind1="1" ind2="0">
               <subfield code="a">Gifts /</subfield>
               <subfield code="c">Barbara Bloom ; text by Susan Tallman.</subfield>
            </datafield>
            <datafield tag="264" ind1=" " ind2="1">
               <subfield code="a">[Antwerp, Belgium] :</subfield>
               <subfield code="b">Ludion,</subfield>
               <subfield code="c">[2015?]</subfield>
            </datafield>
            <datafield tag="300" ind1=" " ind2=" ">
               <subfield code="a">109 pages :</subfield>
               <subfield code="b">color illustrations ;</subfield>
               <subfield code="c">25 cm</subfield>
            </datafield>
            <datafield tag="504" ind1=" " ind2=" ">
               <subfield code="a">Includes bibliographical references (pages 102-105).</subfield>
            </datafield>
            <datafield tag="520" ind1="8" ind2=" ">
               <subfield code="a">This beautifully produced book by New York-based conceptual artist Barbara Bloom (born 1951) explores the nature of gifts in relation to aspects such as wrapping, covering and uncovering, pleasure and generosity. A passionate collector of ornamental paper from all over the world, Bloom has studied the history and aesthetics of gift-wrapping in detail. In Gifts, she tries to blur the conventional distinction between art and life while offering new insights on notions of concealment and revelation, drawing on various historical examples. Can the box be an artwork? Can the wrapping be the gift? she asks her readers. Bloom's work has been shown internationally, including exhibitions at the Venice Biennale and The Museum of Modern Art, New York. Gifts is a further step in the artist's personal investigation into the world of objects, itself a gorgeously produced object ripe for gift giving.</subfield>
            </datafield>
            <datafield tag="600" ind1="1" ind2="0">
               <subfield code="a">Bloom, Barbara,</subfield>
               <subfield code="d">1951-</subfield>
            </datafield>
            <datafield tag="600" ind1="1" ind2="7">
               <subfield code="a">Bloom, Barbara,</subfield>
               <subfield code="d">1951-</subfield>
               <subfield code="2">fast</subfield>
               <subfield code="0">(OCoLC)fst00289718</subfield>
            </datafield>
            <datafield tag="650" ind1=" " ind2="0">
               <subfield code="a">Artists' books</subfield>
               <subfield code="v">Specimens.</subfield>
            </datafield>
            <datafield tag="650" ind1=" " ind2="0">
               <subfield code="a">Conceptual art.</subfield>
            </datafield>
            <datafield tag="650" ind1=" " ind2="0">
               <subfield code="a">Paper art.</subfield>
            </datafield>
            <datafield tag="650" ind1=" " ind2="0">
               <subfield code="a">Gifts.</subfield>
            </datafield>
            <datafield tag="650" ind1=" " ind2="0">
               <subfield code="a">Gift wraps.</subfield>
            </datafield>
            <datafield tag="650" ind1=" " ind2="7">
               <subfield code="a">Artists' books.</subfield>
               <subfield code="2">fast</subfield>
               <subfield code="0">(OCoLC)fst00817660</subfield>
            </datafield>
            <datafield tag="650" ind1=" " ind2="7">
               <subfield code="a">Conceptual art.</subfield>
               <subfield code="2">fast</subfield>
               <subfield code="0">(OCoLC)fst00872980</subfield>
            </datafield>
            <datafield tag="650" ind1=" " ind2="7">
               <subfield code="a">Gift wraps.</subfield>
               <subfield code="2">fast</subfield>
               <subfield code="0">(OCoLC)fst00942559</subfield>
            </datafield>
            <datafield tag="650" ind1=" " ind2="7">
               <subfield code="a">Gifts.</subfield>
               <subfield code="2">fast</subfield>
               <subfield code="0">(OCoLC)fst00942628</subfield>
            </datafield>
            <datafield tag="650" ind1=" " ind2="7">
               <subfield code="a">Paper art.</subfield>
               <subfield code="2">fast</subfield>
               <subfield code="0">(OCoLC)fst01052398</subfield>
            </datafield>
            <datafield tag="655" ind1=" " ind2="7">
               <subfield code="a">Specimens.</subfield>
               <subfield code="2">fast</subfield>
               <subfield code="0">(OCoLC)fst01423861</subfield>
            </datafield>
            <datafield tag="700" ind1="1" ind2=" ">
               <subfield code="a">Tallman, Susan,</subfield>
               <subfield code="e">author.</subfield>
            </datafield>
            <datafield tag="999" ind1=" " ind2=" ">
               <subfield code="a">N7433.4.B556G53 2015</subfield>
               <subfield code="w">LC</subfield>
               <subfield code="c">1</subfield>
               <subfield code="i">000079030335</subfield>
               <subfield code="d">12/20/2018</subfield>
               <subfield code="e">2/9/2018</subfield>
               <subfield code="l">PATTEE-W3</subfield>
               <subfield code="m">UP-PAT</subfield>
               <subfield code="n">1</subfield>
               <subfield code="r">Y</subfield>
               <subfield code="s">Y</subfield>
               <subfield code="t">BOOK</subfield>
               <subfield code="u">8/9/2016</subfield>
            </datafield>
      </record>
    </metadata>
  </record>