
   <record> 
    <header>
      <identifier>oai:cat.libraries.psu.edu:18158447</identifier> 
      <datestamp>2022-12-16</datestamp>
      <setSpec>BOOK</setSpec> 
    </header>
    <metadata>
      <record xmlns="http://www.loc.gov/MARC21/slim" xsi:schemaLocation="http://www.loc.gov/MARC21/slim http://www.loc.gov/standards/marcxml/schema/MARC21slim.xsd" type="Bibliographic">
         <leader>     cam  22     Ii 4500</leader>
         <controlfield tag="008">160711t20162016enka     b    001 0 eng  </controlfield>
            <datafield tag="020" ind1=" " ind2=" ">
               <subfield code="a">9781409424024</subfield>
               <subfield code="q">(hardcover ;</subfield>
               <subfield code="q">alk. paper)</subfield>
            </datafield>
            <datafield tag="020" ind1=" " ind2=" ">
               <subfield code="a">1409424022</subfield>
               <subfield code="q">(hardcover ;</subfield>
               <subfield code="q">alk. paper)</subfield>
            </datafield>
            <datafield tag="035" ind1=" " ind2=" ">
               <subfield code="a">(OCoLC)953419326</subfield>
            </datafield>
            <datafield tag="050" ind1=" " ind2="4">
               <subfield code="a">PT643</subfield>
               <subfield code="b">.S88 2016b</subfield>
            </datafield>
            <datafield tag="082" ind1="0" ind2="4">
               <subfield code="a">832/.6093552</subfield>
               <subfield code="2">23</subfield>
            </datafield>
            <datafield tag="100" ind1="1" ind2=" ">
               <subfield code="a">Sutherland, Wendy,</subfield>
               <subfield code="d">1964-</subfield>
               <subfield code="e">author.</subfield>
            </datafield>
            <datafield tag="245" ind1="1" ind2="0">
               <subfield code="a">Staging blackness and performing whiteness in eighteenth-century German drama /</subfield>
               <subfield code="c">Wendy Sutherland (New College of Florida, USA).</subfield>
            </datafield>
            <datafield tag="264" ind1=" " ind2="1">
               <subfield code="a">London :</subfield>
               <subfield code="b">Routledge, Taylor &amp; Francis Group,</subfield>
               <subfield code="c">2016.</subfield>
            </datafield>
            <datafield tag="264" ind1=" " ind2="4">
               <subfield code="c">©2016</subfield>
            </datafield>
            <datafield tag="300" ind1=" " ind2=" ">
               <subfield code="a">xv, 258 pages :</subfield>
               <subfield code="b">illustrations ;</subfield>
               <subfield code="c">24 cm</subfield>
            </datafield>
            <datafield tag="500" ind1=" " ind2=" ">
               <subfield code="a">&quot;First published in 2016 by Ashgate Publishing.&quot;--Title page verso.</subfield>
            </datafield>
            <datafield tag="504" ind1=" " ind2=" ">
               <subfield code="a">Includes bibliographical references (pages 233-250) and index.</subfield>
            </datafield>
            <datafield tag="505" ind1="0" ind2=" ">
               <subfield code="a">Introduction -- Race in eighteenth-century Germany -- Slavery, colonialism, and the eighteenth-century global stage -- &quot;Looking at the overlooked&quot;: stage properties and the table in Karl Lessing's Die mätresse (1780) -- The construction of whiteness in the traditional German bourgeois drama -- Race, doubles, and foils: staging blackness in Friedrich Wilhelm Ziegler's Die mohrinn (1801) -- Race, homosocial desire, and the black in Ernst Lorenz Rathlef's Die mohrinn zu Hamburg (1775) -- Reading in the dark? racial hierarchy and miscegenation in Heinrich von Kleist's Die verlobung in St. Domingo (1811) and Theodor Körner's Toni (1812) -- Epilogue.</subfield>
            </datafield>
            <datafield tag="520" ind1="8" ind2=" ">
               <subfield code="a">Focusing on eighteenth-century cultural productions, Wendy Sutherland examines how representations of race in philosophy, anthropology, aesthetics, drama, and court painting influenced the construction of a white bourgeois German self. Sutherland positions her work within the framework of the transatlantic slave trade, showing that slavery, colonialism, and the triangular trade between Europe, West Africa, and the Caribbean function as the global stage on which German bourgeois dramas by Friedrich Wilhelm Ziegler, Ernst Lorenz Rathlef, and Theodor Korner (and a novella by Heinrich von Kleist on which Korner's play was based) were performed against a backdrop of philosophical and anthropological influences. Plays had an important role in educating the rising bourgeois class in morality, Sutherland argues, with fathers and daughters offered as exemplary moral figures in contrast to the depraved aristocracy. At the same time, black female protagonists in nontraditional dramas represent the boundaries of physical beauty and marriage eligibility while also complicating ideas of moral beauty embodied in the concept of the beautiful soul.0Her book offers convincing evidence that the eighteenth-century German stage grappled with the representation of blackness during the Age of Goethe, even though the German states were neither colonial powers nor direct participants in the slave trade.</subfield>
            </datafield>
            <datafield tag="650" ind1=" " ind2="0">
               <subfield code="a">German drama</subfield>
               <subfield code="y">18th century</subfield>
               <subfield code="x">History and criticism.</subfield>
            </datafield>
            <datafield tag="650" ind1=" " ind2="0">
               <subfield code="a">Theater</subfield>
               <subfield code="z">Germany</subfield>
               <subfield code="x">History</subfield>
               <subfield code="y">18th century.</subfield>
            </datafield>
            <datafield tag="650" ind1=" " ind2="0">
               <subfield code="a">Race in literature.</subfield>
            </datafield>
            <datafield tag="650" ind1=" " ind2="0">
               <subfield code="a">Human skin color in literature.</subfield>
            </datafield>
            <datafield tag="650" ind1=" " ind2="0">
               <subfield code="a">Black people in literature</subfield>
            </datafield>
            <datafield tag="650" ind1=" " ind2="0">
               <subfield code="a">White people in literature</subfield>
            </datafield>
            <datafield tag="650" ind1=" " ind2="7">
               <subfield code="a">Blacks in literature.</subfield>
               <subfield code="2">fast</subfield>
               <subfield code="0">(OCoLC)fst00834025</subfield>
            </datafield>
            <datafield tag="650" ind1=" " ind2="7">
               <subfield code="a">German drama.</subfield>
               <subfield code="2">fast</subfield>
               <subfield code="0">(OCoLC)fst00941360</subfield>
            </datafield>
            <datafield tag="650" ind1=" " ind2="7">
               <subfield code="a">Human skin color in literature.</subfield>
               <subfield code="2">fast</subfield>
               <subfield code="0">(OCoLC)fst00963470</subfield>
            </datafield>
            <datafield tag="650" ind1=" " ind2="7">
               <subfield code="a">Race in literature.</subfield>
               <subfield code="2">fast</subfield>
               <subfield code="0">(OCoLC)fst01086506</subfield>
            </datafield>
            <datafield tag="650" ind1=" " ind2="7">
               <subfield code="a">Theater.</subfield>
               <subfield code="2">fast</subfield>
               <subfield code="0">(OCoLC)fst01149217</subfield>
            </datafield>
            <datafield tag="650" ind1=" " ind2="7">
               <subfield code="a">Whites in literature.</subfield>
               <subfield code="2">fast</subfield>
               <subfield code="0">(OCoLC)fst01174833</subfield>
            </datafield>
            <datafield tag="650" ind1=" " ind2="7">
               <subfield code="0">(DE-588)4113292-0</subfield>
               <subfield code="0">(DE-603)085334081</subfield>
               <subfield code="a">Deutsch.</subfield>
               <subfield code="2">gnd</subfield>
            </datafield>
            <datafield tag="650" ind1=" " ind2="7">
               <subfield code="0">(DE-588)4012899-4</subfield>
               <subfield code="0">(DE-603)085028231</subfield>
               <subfield code="a">Drama.</subfield>
               <subfield code="2">gnd</subfield>
            </datafield>
            <datafield tag="650" ind1=" " ind2="7">
               <subfield code="0">(DE-588)4308867-3</subfield>
               <subfield code="0">(DE-603)086693131</subfield>
               <subfield code="a">Weibliche Schwarze.</subfield>
               <subfield code="2">gnd</subfield>
            </datafield>
            <datafield tag="651" ind1=" " ind2="7">
               <subfield code="a">Germany.</subfield>
               <subfield code="2">fast</subfield>
               <subfield code="0">(OCoLC)fst01210272</subfield>
            </datafield>
            <datafield tag="655" ind1=" " ind2="7">
               <subfield code="a">Criticism, interpretation, etc.</subfield>
               <subfield code="2">fast</subfield>
               <subfield code="0">(OCoLC)fst01411635</subfield>
            </datafield>
            <datafield tag="655" ind1=" " ind2="7">
               <subfield code="a">History.</subfield>
               <subfield code="2">fast</subfield>
               <subfield code="0">(OCoLC)fst01411628</subfield>
            </datafield>
            <datafield tag="999" ind1=" " ind2=" ">
               <subfield code="a">PT643.S88 2016</subfield>
               <subfield code="w">LC</subfield>
               <subfield code="c">1</subfield>
               <subfield code="i">000079030076</subfield>
               <subfield code="d">7/31/2022</subfield>
               <subfield code="e">1/18/2022</subfield>
               <subfield code="l">PATTEE-3</subfield>
               <subfield code="m">UP-PAT</subfield>
               <subfield code="n">3</subfield>
               <subfield code="r">Y</subfield>
               <subfield code="s">Y</subfield>
               <subfield code="t">BOOK</subfield>
               <subfield code="u">8/9/2016</subfield>
            </datafield>
      </record>
    </metadata>
  </record>