
   <record> 
    <header>
      <identifier>oai:cat.libraries.psu.edu:18158448</identifier> 
      <datestamp>2022-12-16</datestamp>
      <setSpec>BOOK</setSpec> 
    </header>
    <metadata>
      <record xmlns="http://www.loc.gov/MARC21/slim" xsi:schemaLocation="http://www.loc.gov/MARC21/slim http://www.loc.gov/standards/marcxml/schema/MARC21slim.xsd" type="Bibliographic">
         <leader>     cam  22      i 4500</leader>
         <controlfield tag="008">151202s2016    nyuafg   b    001 0 eng d</controlfield>
            <datafield tag="010" ind1=" " ind2=" ">
               <subfield code="a">  2015949837</subfield>
            </datafield>
            <datafield tag="020" ind1=" " ind2=" ">
               <subfield code="a">019932543X</subfield>
            </datafield>
            <datafield tag="020" ind1=" " ind2=" ">
               <subfield code="a">9780199325436</subfield>
            </datafield>
            <datafield tag="035" ind1=" " ind2=" ">
               <subfield code="a">(OCoLC)930824737</subfield>
            </datafield>
            <datafield tag="050" ind1=" " ind2="4">
               <subfield code="a">ML410.W13</subfield>
               <subfield code="b">B76 2016</subfield>
            </datafield>
            <datafield tag="082" ind1="0" ind2="4">
               <subfield code="a">782.1/092</subfield>
               <subfield code="2">23</subfield>
            </datafield>
            <datafield tag="100" ind1="1" ind2=" ">
               <subfield code="a">Brown, H. M.</subfield>
               <subfield code="q">(Hilda Meldrum)</subfield>
               <subfield code="e">author.</subfield>
            </datafield>
            <datafield tag="245" ind1="1" ind2="0">
               <subfield code="a">Quest for the Gesamtkunstwerk and Richard Wagner /</subfield>
               <subfield code="c">HIlda Meldrum Brown.</subfield>
            </datafield>
            <datafield tag="250" ind1=" " ind2=" ">
               <subfield code="a">First edition.</subfield>
            </datafield>
            <datafield tag="264" ind1=" " ind2="1">
               <subfield code="a">New York :</subfield>
               <subfield code="b">Oxford University Press,</subfield>
               <subfield code="c">2016.</subfield>
            </datafield>
            <datafield tag="300" ind1=" " ind2=" ">
               <subfield code="a">x, 287 pages, 4 unnumbered pages of plates :</subfield>
               <subfield code="b">illustrations (some color), music ;</subfield>
               <subfield code="c">24 cm</subfield>
            </datafield>
            <datafield tag="504" ind1=" " ind2=" ">
               <subfield code="a">Includes bibliographical references (pages 273-281) and index.</subfield>
            </datafield>
            <datafield tag="505" ind1="0" ind2=" ">
               <subfield code="a">Introduction: the nature of the quest -- The landscape garden -- Romantic drama and the visual arts -- Goethe's Faust: Gesamtkunstwerk or Universaltheater? -- Eighteenth- and nineteenth-century theoretical approaches -- Moment and Motiv: critical approaches to the Ring cycle -- Analysis of the Erda scenes -- Adolphe Appia: a watershed in the evolution of the Gesamtkunstwerk -- Wieland Wagner: the Appia heritage and the Gesamtkunstwerk -- The centenary Ring: deconstruction and the Gesamtkunstwerk.</subfield>
            </datafield>
            <datafield tag="520" ind1=" " ind2=" ">
               <subfield code="a">&quot;The Gesamtkunstwerk (&quot;total work of art&quot;), once a key concept in Wagner studies, has become problematic. This book sheds light on this conundrum by first tracing the development of the concept in the 19th century through selected examples, some of which include combinations of different art forms. It then focuses on the culmination of the Gesamtkunstwerk in Wagner's theories and in the practice of his late music dramas, of which Der Ring des Nibelungen is the most complete representation. Finally, the book contrasts the view of the Ring as a fusion of dramatic text and music with the 20th century trend towards Deconstruction in Wagnerian productions and the importance of Régie. Against this trend a case is made here for a fresh critical approach and a reconsideration of the nature and basis for the fundamental unity which has hitherto been widely perceived in Wagner's Ring. Approaches through Leitmotiv alone are no longer acceptable. However, in conjunction with another principle, Moment, which Wagner insisted on combining with Motive, these can be ingeniously &quot;staged&quot; and steered to dramatic ends by means of musical dynamics and expressive devices such as accumulation. Analysis of the two Erda scenes demonstrates how this complex combination of resources acts as a powerful means of fusion of the musical and dramatic elements in the Ring and confirms its status as a Gesamtkunstwerk.&quot;</subfield>
               <subfield code="c">--book jacket.</subfield>
            </datafield>
            <datafield tag="600" ind1="1" ind2="0">
               <subfield code="a">Wagner, Richard,</subfield>
               <subfield code="d">1813-1883</subfield>
               <subfield code="x">Criticism and interpretation.</subfield>
            </datafield>
            <datafield tag="600" ind1="1" ind2="7">
               <subfield code="a">Wagner, Richard,</subfield>
               <subfield code="d">1813-1883.</subfield>
               <subfield code="2">fast</subfield>
               <subfield code="0">(OCoLC)fst00040723</subfield>
            </datafield>
            <datafield tag="655" ind1=" " ind2="7">
               <subfield code="a">Criticism, interpretation, etc.</subfield>
               <subfield code="2">fast</subfield>
               <subfield code="0">(OCoLC)fst01411635</subfield>
            </datafield>
            <datafield tag="999" ind1=" " ind2=" ">
               <subfield code="a">ML410.W13B76 2016</subfield>
               <subfield code="w">LC</subfield>
               <subfield code="c">1</subfield>
               <subfield code="i">000079030120</subfield>
               <subfield code="d">9/25/2017</subfield>
               <subfield code="e">5/12/2017</subfield>
               <subfield code="l">PATTEE-1A</subfield>
               <subfield code="m">UP-PAT</subfield>
               <subfield code="n">1</subfield>
               <subfield code="r">Y</subfield>
               <subfield code="s">Y</subfield>
               <subfield code="t">BOOK</subfield>
               <subfield code="u">8/9/2016</subfield>
            </datafield>
      </record>
    </metadata>
  </record>