
   <record> 
    <header>
      <identifier>oai:cat.libraries.psu.edu:18158449</identifier> 
      <datestamp>2022-12-16</datestamp>
      <setSpec>BOOK</setSpec> 
    </header>
    <metadata>
      <record xmlns="http://www.loc.gov/MARC21/slim" xsi:schemaLocation="http://www.loc.gov/MARC21/slim http://www.loc.gov/standards/marcxml/schema/MARC21slim.xsd" type="Bibliographic">
         <leader>     nam  22      a 4500</leader>
         <controlfield tag="008">150811s2016    coua          001 0 eng  </controlfield>
            <datafield tag="010" ind1=" " ind2=" ">
               <subfield code="a">  2015030348</subfield>
            </datafield>
            <datafield tag="020" ind1=" " ind2=" ">
               <subfield code="a">9781607324706</subfield>
               <subfield code="q">(pbk.)</subfield>
            </datafield>
            <datafield tag="020" ind1=" " ind2=" ">
               <subfield code="a">1607324709</subfield>
               <subfield code="q">(pbk.)</subfield>
            </datafield>
            <datafield tag="035" ind1=" " ind2=" ">
               <subfield code="a">(OCoLC)926050331</subfield>
            </datafield>
            <datafield tag="050" ind1="0" ind2="0">
               <subfield code="a">BL501</subfield>
               <subfield code="b">.A94 2016</subfield>
            </datafield>
            <datafield tag="082" ind1="0" ind2="0">
               <subfield code="a">001.9</subfield>
               <subfield code="2">23</subfield>
            </datafield>
            <datafield tag="100" ind1="1" ind2=" ">
               <subfield code="a">Aveni, Anthony F.</subfield>
               <subfield code="e">author.</subfield>
            </datafield>
            <datafield tag="245" ind1="1" ind2="0">
               <subfield code="a">Apocalyptic anxiety :</subfield>
               <subfield code="b">religion, science and America's obsession with the end of the world /</subfield>
               <subfield code="c">Anthony Aveni.</subfield>
            </datafield>
            <datafield tag="264" ind1=" " ind2="1">
               <subfield code="a">Boulder :</subfield>
               <subfield code="b">University Press of Colorado,</subfield>
               <subfield code="c">[2016]</subfield>
            </datafield>
            <datafield tag="300" ind1=" " ind2=" ">
               <subfield code="a">xv, 252 pages :</subfield>
               <subfield code="b">illustrations ;</subfield>
               <subfield code="c">23 cm</subfield>
            </datafield>
            <datafield tag="504" ind1=" " ind2=" ">
               <subfield code="a">Includes bibliographical references and index.</subfield>
            </datafield>
            <datafield tag="505" ind1="0" ind2=" ">
               <subfield code="a">Machine generated contents note: pt. I Episode 1, October 22, 1844 -- 1.Millerites and the Biblical End of the World -- 2.A Brief History of Apocalyptic Thinking in the West -- pt. II American Apocalypse -- 3.From Columbus to the Great Awakenings -- 4.Fin de Siecle Secular Perfectionism -- 5.Spiritualism and the Veiled Synthesis of Science and Religion -- pt. III New Age Religion and Science -- 6.The Age of Aquarius -- 7.Techno-Angels of the Alien Advent -- 8.Resurgent Christian Dispensationalism and the End of Time in Popular Media -- 9.Astronomical World Age Theories Resurrected -- pt. IV Episode 2, December 21, 2012 -- 10.The Fathers of Y12 Prophecy -- 11.2012 and the Perennial Philosophy -- 12.Ancient Galactic Wisdom and 2012 Mayanism.</subfield>
            </datafield>
            <datafield tag="520" ind1=" " ind2=" ">
               <subfield code="a">&quot;Aveni traces the sources of American culture's obsession with predicting the apocalypse. He explores why Americans take millennial claims seriously, where and how end-of-the-world predictions emerge, how they develop with reference to a broader historical trajectory, and what we can learn from doomsday predictions of the past&quot;--</subfield>
               <subfield code="c">Provided by publisher.</subfield>
            </datafield>
            <datafield tag="650" ind1=" " ind2="0">
               <subfield code="a">Eschatology.</subfield>
            </datafield>
            <datafield tag="650" ind1=" " ind2="0">
               <subfield code="a">Apocalyptic literature</subfield>
               <subfield code="x">History and criticism.</subfield>
            </datafield>
            <datafield tag="650" ind1=" " ind2="0">
               <subfield code="a">Prophecies.</subfield>
            </datafield>
            <datafield tag="650" ind1=" " ind2="0">
               <subfield code="a">End of the world.</subfield>
            </datafield>
            <datafield tag="650" ind1=" " ind2="0">
               <subfield code="a">Religion and science</subfield>
               <subfield code="z">United States.</subfield>
            </datafield>
            <datafield tag="650" ind1=" " ind2="7">
               <subfield code="a">Apocalyptic literature.</subfield>
               <subfield code="2">fast</subfield>
               <subfield code="0">(OCoLC)fst00811395</subfield>
            </datafield>
            <datafield tag="650" ind1=" " ind2="7">
               <subfield code="a">End of the world.</subfield>
               <subfield code="2">fast</subfield>
               <subfield code="0">(OCoLC)fst00909634</subfield>
            </datafield>
            <datafield tag="650" ind1=" " ind2="7">
               <subfield code="a">Eschatology.</subfield>
               <subfield code="2">fast</subfield>
               <subfield code="0">(OCoLC)fst00915134</subfield>
            </datafield>
            <datafield tag="650" ind1=" " ind2="7">
               <subfield code="a">Prophecies.</subfield>
               <subfield code="2">fast</subfield>
               <subfield code="0">(OCoLC)fst01079193</subfield>
            </datafield>
            <datafield tag="650" ind1=" " ind2="7">
               <subfield code="a">Religion.</subfield>
               <subfield code="2">fast</subfield>
               <subfield code="0">(OCoLC)fst01093763</subfield>
            </datafield>
            <datafield tag="650" ind1=" " ind2="7">
               <subfield code="a">Religion and science.</subfield>
               <subfield code="2">fast</subfield>
               <subfield code="0">(OCoLC)fst01093848</subfield>
            </datafield>
            <datafield tag="651" ind1=" " ind2="0">
               <subfield code="a">United States</subfield>
               <subfield code="x">Religion</subfield>
               <subfield code="x">History.</subfield>
            </datafield>
            <datafield tag="651" ind1=" " ind2="7">
               <subfield code="a">United States.</subfield>
               <subfield code="2">fast</subfield>
               <subfield code="0">(OCoLC)fst01204155</subfield>
            </datafield>
            <datafield tag="655" ind1=" " ind2="7">
               <subfield code="a">Criticism, interpretation, etc.</subfield>
               <subfield code="2">fast</subfield>
               <subfield code="0">(OCoLC)fst01411635</subfield>
            </datafield>
            <datafield tag="655" ind1=" " ind2="7">
               <subfield code="a">History.</subfield>
               <subfield code="2">fast</subfield>
               <subfield code="0">(OCoLC)fst01411628</subfield>
            </datafield>
            <datafield tag="999" ind1=" " ind2=" ">
               <subfield code="a">BL501.A94 2016</subfield>
               <subfield code="w">LC</subfield>
               <subfield code="c">1</subfield>
               <subfield code="i">000079030236</subfield>
               <subfield code="d">4/2/2022</subfield>
               <subfield code="e">2/20/2022</subfield>
               <subfield code="l">PATTEE-BA</subfield>
               <subfield code="m">UP-PAT</subfield>
               <subfield code="n">5</subfield>
               <subfield code="r">Y</subfield>
               <subfield code="s">Y</subfield>
               <subfield code="t">BOOK</subfield>
               <subfield code="u">8/9/2016</subfield>
            </datafield>
      </record>
    </metadata>
  </record>