
   <record> 
    <header>
      <identifier>oai:cat.libraries.psu.edu:18158450</identifier> 
      <datestamp>2022-12-16</datestamp>
      <setSpec>BOOK</setSpec> 
    </header>
    <metadata>
      <record xmlns="http://www.loc.gov/MARC21/slim" xsi:schemaLocation="http://www.loc.gov/MARC21/slim http://www.loc.gov/standards/marcxml/schema/MARC21slim.xsd" type="Bibliographic">
         <leader>     cam  22     Ii 4500</leader>
         <controlfield tag="008">151007s2016    flu      b    001 0 eng  </controlfield>
            <datafield tag="010" ind1=" " ind2=" ">
               <subfield code="a">  2015039103</subfield>
            </datafield>
            <datafield tag="020" ind1=" " ind2=" ">
               <subfield code="a">9781466581302 (hardback)</subfield>
            </datafield>
            <datafield tag="020" ind1=" " ind2=" ">
               <subfield code="a">1466581301 (hardback)</subfield>
            </datafield>
            <datafield tag="050" ind1="0" ind2="0">
               <subfield code="a">TC405</subfield>
               <subfield code="b">.M49 2016</subfield>
            </datafield>
            <datafield tag="082" ind1="0" ind2="0">
               <subfield code="a">551.48</subfield>
               <subfield code="2">23</subfield>
            </datafield>
            <datafield tag="100" ind1="1" ind2=" ">
               <subfield code="a">Mimikou, Maria A.,</subfield>
               <subfield code="e">author.</subfield>
            </datafield>
            <datafield tag="245" ind1="1" ind2="0">
               <subfield code="a">Hydrology and water resource systems analysis /</subfield>
               <subfield code="c">authors, Maria A Mimikou, Evangelos A Baltas, Vassilios A Tsihrintzis.</subfield>
            </datafield>
            <datafield tag="264" ind1=" " ind2="1">
               <subfield code="a">Boca Raton :</subfield>
               <subfield code="b">Taylor &amp; Francis,</subfield>
               <subfield code="c">[2016]</subfield>
            </datafield>
            <datafield tag="300" ind1=" " ind2=" ">
               <subfield code="a">xviii, 459 pages :</subfield>
               <subfield code="b">illustrations ;</subfield>
               <subfield code="c">26 cm</subfield>
            </datafield>
            <datafield tag="504" ind1=" " ind2=" ">
               <subfield code="a">Includes bibliographical references and index.</subfield>
            </datafield>
            <datafield tag="505" ind1="0" ind2=" ">
               <subfield code="a">Machine generated contents note: 1.1.General -- 1.2.The Science of hydrology -- 1.3.Historical evolution of hydrology -- 1.4.Classification of hydrology -- 1.5.Hydrological cycle -- 1.6.Hydrological variables and their units of measurement -- 1.7.River basin -- 1.8.Scale in hydrology -- 1.8.1.Spatial scale -- 1.8.2.Timescale -- 1.9.Worldwide distribution of water -- 1.10.Hydrological balance -- References -- 2.1.General -- 2.2.Formation of atmospheric precipitation -- 2.3.Precipitation types -- 2.3.1.Rain -- 2.3.2.Snow -- 2.3.3.Hail -- 2.4.Cooling mechanisms and types of precipitation -- 2.4.1.Cyclonic cooling -- 2.4.2.Orographic cooling -- 2.4.3.Conductive cooling -- 2.5.Measurement of precipitation -- 2.5.1.Precipitation sensors -- 2.5.2.Rain gauge recorders -- 2.5.3.Snowfall measurement -- 2.5.4.Meteorological radar -- 2.5.5.Joss-Waldvogel disdrometers -- 2.5.5.1.Description of the disdrometer RD-80 -- 2.5.5.2.Hydro-meteorogical parameters which can be derived by the RD-69 and RD-80 disdrometers -- 2.5.5.3.Derivation of rain characteristics with the use of a Joss-Waldvogel RD-69 disdrometer -- 2.5.6.Installation of rain gauges -- 2.5.7.Space measurements -- 2.5.7.1.Satellites -- 2.5.7.2.Installed instruments -- 2.5.7.3.Advanced precipitation radar -- 2.5.7.4.Microwave imager -- 2.5.7.5.Visible and infrared radiation scanner -- 2.5.7.6.Clouds and the Earth's radiant energy system -- 2.5.7.7.Lightning imaging sensor -- 2.6.Installation of network of point measurement devices -- 2.7.Test of data homogeneity and analysis of double cumulative curves -- 2.8.Completion of rainfall measurements: Adaptation to different altitudes -- 2.8.1.Method of arithmetic mean -- 2.8.2.Method of normal ratios -- 2.8.3.Inverse distance method -- 2.8.4.Correlation and regression -- 2.8.5.Correction of rainfall with altitude -- 2.9.Surface integration of areal rainfall from point measurements -- 2.9.1.Averaging method -- 2.9.2.Thiessen method -- 2.9.3.Isohyetal curve method -- 2.9.4.Optimum interpolation method (Kriging) -- 2.9.5.Time distributions of rainfall -- 2.9.5.1.Limited-scale phenomena -- 2.9.5.2.Medium-scale phenomena -- 2.9.5.3.Synoptic-scale phenomena -- 2.10.Hydrological losses -- 2.10.1.General -- 2.11.Evaporation -- 2.11.1.Water balance methods -- 2.11.1.1.Thornthwaite's water balance method -- 2.11.2.Energy balance methods -- 2.11.3.Mass transfer methods -- 2.11.4.Combination methods: Penman method -- 2.12.Evapotranspiration -- 2.12.1.Water balance methods -- 2.12.2.Methods for the determination of potential evapotranspiration from climatic data -- 2.12.2.1.Penman-Monteith method -- 2.12.2.2.Thornthwaite's method -- 2.12.2.3.Blaney-Criddle method -- 2.12.2.4.Jensen-Haise method -- 2.12.2.5.Makkink's method -- 2.12.2.6.Hargreaves method -- 2.12.2.7.Priestley-Taylor method -- 2.12.3.Methods for the determination of actual evapotranspiration -- 2.12.3.1.Turc method -- 2.12.3.2.Coutagne method -- 2.13.Infiltration rate estimation -- 2.13.1.Infiltration -- 2.13.2.Horton's model -- 2.13.3.Green-Ampt model -- 2.13.4.Huggins-Monke model -- 2.13.5.Holtan model -- 2.13.6.Kostiakov model -- 2.13.7.Philip model -- 2.13.8.Soil Conservation Service method -- References -- 3.1.General -- 3.2.River basin -- 3.3.Hydrographs -- 3.3.1.Characteristics of the hydrograph -- 3.3.1.1.y index -- 3.3.2.Hydrograph separation -- 3.3.2.1.Methods of base flow separation from the total hydrograph -- 3.3.2.2.Hydrograph separation with the method of the logarithms -- 3.3.3.Composite hydrograph separation -- 3.3.4.Factors influencing the hydrograph shape -- 3.3.4.1.Climatic factors -- 3.3.4.2.Topographic factors -- 3.3.4.3.Geological factors -- 3.4.Hydrometry -- 3.4.1.Installation criteria for a hydrometric station -- 3.4.2.Measurement of water-level -- 3.4.3.Discharge measurement by the method of velocity field -- 3.5.Discharge estimation using hydrometric data -- 3.5.1.Preparation of a rating curve -- 3.5.2.Extension of the rating curve -- 3.5.3.Remarks on the rating curves -- 3.5.4.Estimation of an average water-level for a specific time step -- 3.5.5.Flow estimation from measurements of water-level meters/recorders -- 3.6.Rainfall-runoff relationships: Empirical methods -- 3.6.1.Rational method for estimating flood peaks -- 3.6.2.Other empirical methods for calculating peak runoff -- 3.7.Rainfall-runoff relationships: The UH -- 3.7.1.Basic assumptions of UH -- 3.7.1.1.Principle of proportionality -- 3.7.1.2.Principle of superposition -- 3.7.2.Derivation of the UH from a single rainfall event -- 3.7.3.Mathematical determination of the UH of composite rainfall -- 3.7.4.Determination of UH of a certain duration from known UH of a different duration: S-curve -- 3.7.5.Estimation of flood hydrograph using the UH -- 3.7.6.Synthetic UHs -- 3.7.6.1.Snyder's UH -- 3.7.6.2.SCS dimensionless hydrograph method -- 3.7.6.3.Triangular SCS hydrograph method -- 3.7.7.Instantaneous UH -- 3.7.7.1.By an S-curve -- 3.7.7.2.By using a convolution integral -- 3.7.7.3.By the use of various conceptual models -- 3.7.7.4.Routing time-area curve of basins -- 3.7.8.CEH-UK: Revitalized flood hydrograph -- 3.7.9.Shortcomings of the UH and the UH-based models -- 3.7.10.General overview of hydrological models: Specific rainfall-runoff models -- 3.8.Case study using the HEC-HMS hydrological model -- 3.8.1.General information for HEC-HMS -- 3.8.1.1.Components of HEC-HMS -- 3.8.2.Case study -- 3.8.2.1.Study area -- 3.8.2.2.HEC-HMS environment -- References -- 4.1.General concepts and definitions -- 4.1.1.Experiments and sample spaces -- 4.1.2.Probability function -- 4.1.3.Conditional probability -- 4.1.4.Total probability and Bayes' theorem -- 4.2.Random variable -- 4.3.Distributions -- 4.3.1.Normal distribution -- 4.3.2.Log-normal distribution -- 4.4.Some important discrete distributions -- 4.4.1.Bernoulli trials and the Bernoulli distribution -- 4.4.2.Binomial distribution -- 4.4.3.Geometric distribution -- 4.4.4.Poisson distribution -- 4.4.5.Uniform distribution -- 4.5.Some important continuous distributions -- 4.5.1.Uniform distribution -- 4.5.2.Exponential distribution -- 4.5.3.Gamma distribution -- 4.5.3.1.Gamma distribution of three parameters (Pearson type III) -- 4.5.4.Log-Pearson distribution -- 4.6.Statistical analysis of extremes -- 4.6.1.Point frequency analysis -- 4.6.1.1.Graphical method -- 4.6.1.2.Method of frequency factor -- 4.6.2.Gumbel maximum distribution -- 4.6.3.Gumbel minimum distribution -- 4.6.4.Weibull distribution -- 4.7.Testing of the distributions -- 4.7.1.Test X2 -- 4.7.2.Kolmogorov-Smirnov test for the appropriateness of a distribution -- 4.8.Intensity-duration-frequency curves -- 4.8.1.Construction of the idf curves -- References -- 5.1.General -- 5.2.Soil and aquifer parameters -- 5.3.Classification of aquifers -- 5.4.Field measurements -- 5.5.Mathematical problem of groundwater -- 5.6.General expression of groundwater flow -- 5.7.Analytical solutions of steady flow -- 5.7.1.Confined aquifer -- 5.7.2.Unconfined aquifer -- 5.7.3.Semi-confined aquifer -- 5.8.Theory of images -- 5.8.1.Well near river -- 5.8.2.Well near impermeable boundaries -- 5.9.Analytical solutions of non-uniform flow -- 5.9.1.Well hydraulics -- 5.9.2.Processing of drawdown tests -- 5.9.3.Analysis of confined aquifers -- 5.9.3.1.Theis method -- 5.9.3.2.Cooper-Jacob method -- 5.9.3.3.Chow method -- 5.9.4.Analysis of unconfined aquifers -- 5.9.5.Anisotropic alluvial deposits -- 5.10.Well losses -- 5.11.Aquifer recharge -- 5.12.Salinization -- 5.12.1.Interface of saltwater and freshwater -- 5.12.2.Saltwater elevation cone -- References -- 6.1.Introduction -- 6.2.Sizing of reservoirs -- 6.2.1.General -- 6.2.2.Sections of volume and reservoir exploitation -- 6.3.Conventional method of sizing the active reservoir volume -- 6.3.1.Construction of a cumulative inflow curve -- 6.3.2.Estimation of the active reservoir volume -- 6.3.3.Disadvantages of Rippl's conventional design -- 6.3.4.Sequent peak analysis method -- 6.3.5.Non-conventional stochastic methods of reservoir sizing -- 6.3.6.Synthetic data of inflows and their cumulative curves -- 6.3.7.Design risk: Estimation of volume based on acceptable risk -- 6.3.8.Advantages of the non-conventional sizing method -- 6.3.9.Sensitivity of the reservoir design on the mechanism of synthetic discharge generation -- 6.3.10.Non-conventional method of sizing including the persistence in inflows -- 6.3.11.Sizing of a reservoir with a spillway with the use of the method of maximum shortage -- 6.4.Sizing of a reservoir in a river site without measurements -- 6.4.1.Regional hydrologic models -- 6.4.2.Regional model for the derivation of monthly inflows -- 6.5.Sizing of the dead reservoir volume -- 6.5.1.General -- 6.5.2.Sedimentation in a reservoir: Definition of dead storage -- 6.5.3.Estimation of dead volume -- 6.5.4.Estimation of active volume loss due to reservoir sedimentation -- 6.6.Sizing of the reservoir's flood volume -- 6.7.Hydrologic design of flood safety (protection) structures -- 6.7.1.Spillway hydrologic design -- 6.7.2.Spillway design flood -- 6.7.3.Criteria of spillway design -- 6.7.4.Probable maximum flood (PMF) -- 6.7.5.Estimation of the design storm and flood -- 6.7.6.Derivation of flood hydrograph in specific cases -- 6.8.Hydrologic design of a river diversion -- 6.8.1.Introduction 31S -- 6.8.2.Design criteria of a diversion -- 6.8.3.Estimation of the design flood of diversion -- 6.9.Hydrologic design of other water structure-specific issues -- 6.9.1.General -- 6.9.2.Construction of operational depth-duration- frequency curves of rainfall for irrigation needs -- 6.9.3.Discharge prediction in a water recipient of outflows from a wastewater treatment plant -- 6.9.3.1.Conditions and requirements of the method -- 6.9.4.Models of discharge predictions of water recipient of sewage -- 6.9.5.Duration-discharge curves and their use in the estimation of the hydroenergy potential -- References -- 7.1.Introduction --</subfield>
            </datafield>
            <datafield tag="505" ind1="0" ind2=" ">
               <subfield code="a">Contents note continued: 7.1.1.Definitions of urban hydrology and stormwater management -- 7.1.2.History -- 7.1.3.Description of the urban stormwater drainage system -- 7.1.4.Impacts of urbanization -- 7.1.5.Factors influencing urban runoff quality -- 7.1.6.Pollutant generation processes -- 7.1.7.Types and sources of pollutants -- 7.1.8.Impacts to the receiving waters -- 7.2.Urban runoff quantity computations -- 7.2.1.Rational method -- 7.2.2.SCS method -- 7.3.Urban runoff quality computations -- 7.3.1.USEPA method for the prediction of annual unit pollutant loadings -- 7.3.2.USGS method for the prediction of mean annual pollutant quantity -- 7.3.3.Simple method of Washington, DC -- 7.3.4.Pollutant accumulation on street surface -- 7.3.5.Washoff of accumulated pollutants -- 7.4.Surface runoff quantity and quality management -- 7.4.1.General -- 7.4.2.Pollution control at the source -- 7.4.3.Pollution control in the sewer and the drainage ditches -- 7.4.4.Pollution control with surface detention/retention and storage -- 7.4.5.Runoff treatment -- References -- 8.1.Introduction -- 8.2.Properties of sediment -- 8.2.1.Size and shape -- 8.2.2.Density, specific weight and specific gravity -- 8.2.3.Fall velocity -- 8.3.Flow resistance -- 8.3.1.Channel flow resistance -- 8.3.2.Flow resistance in alluvial streams and rivers -- 8.4.Incipient motion -- 8.5.Sediment transport formulas -- 8.5.1.Bed load -- 8.5.1.1.Meyer-Peter and Muller method -- 8.5.1.2.Einstein method -- 8.5.1.3.Einstein-Brown method -- 8.5.2.Suspended load -- 8.5.3.Total sediment load -- 8.5.3.1.Einstein method -- 8.5.3.2.Ackers and White method -- 8.5.3.3.Yang's method -- 8.6.Land erosion and watershed sediment yield -- 8.6.1.Introduction -- 8.6.2.Universal soil loss equation (USLE) -- 8.6.2.1.Rainfall erosivity factor R -- 8.6.2.2.Soil erodibility factor K -- 8.6.2.3.Slope length and steepness factor LS -- 8.6.2.4.Vegetative cover and cropping management factor C -- 8.6.2.5.Erosion control practices factor P -- 8.6.3.Modified universal soil loss equation -- 8.6.4.Erosion control measures -- 8.6.4.1.Erosion control at the source -- 8.6.4.2.Structural measures to control erosion -- References.</subfield>
            </datafield>
            <datafield tag="650" ind1=" " ind2="0">
               <subfield code="a">Water resources development.</subfield>
            </datafield>
            <datafield tag="650" ind1=" " ind2="0">
               <subfield code="a">Hydrology.</subfield>
            </datafield>
            <datafield tag="650" ind1=" " ind2="0">
               <subfield code="a">System analysis.</subfield>
            </datafield>
            <datafield tag="650" ind1=" " ind2="7">
               <subfield code="a">Hydrology.</subfield>
               <subfield code="2">fast</subfield>
               <subfield code="0">(OCoLC)fst00965147</subfield>
            </datafield>
            <datafield tag="650" ind1=" " ind2="7">
               <subfield code="a">System analysis.</subfield>
               <subfield code="2">fast</subfield>
               <subfield code="0">(OCoLC)fst01141385</subfield>
            </datafield>
            <datafield tag="650" ind1=" " ind2="7">
               <subfield code="a">Water resources development.</subfield>
               <subfield code="2">fast</subfield>
               <subfield code="0">(OCoLC)fst01171955</subfield>
            </datafield>
            <datafield tag="700" ind1="1" ind2=" ">
               <subfield code="a">Baltas, Evangelos A.,</subfield>
               <subfield code="e">author.</subfield>
            </datafield>
            <datafield tag="700" ind1="1" ind2=" ">
               <subfield code="a">Tsihrintzis, Vassilios A.,</subfield>
               <subfield code="d">1959-</subfield>
               <subfield code="e">author.</subfield>
            </datafield>
            <datafield tag="999" ind1=" " ind2=" ">
               <subfield code="a">TC405.M49 2016</subfield>
               <subfield code="w">LC</subfield>
               <subfield code="c">1</subfield>
               <subfield code="i">000079030762</subfield>
               <subfield code="d">5/3/2021</subfield>
               <subfield code="e">12/16/2019</subfield>
               <subfield code="l">STACKS-EG</subfield>
               <subfield code="m">UP-ENGIN</subfield>
               <subfield code="n">5</subfield>
               <subfield code="r">Y</subfield>
               <subfield code="s">Y</subfield>
               <subfield code="t">BOOK</subfield>
               <subfield code="u">8/9/2016</subfield>
            </datafield>
      </record>
    </metadata>
  </record>