
   <record> 
    <header>
      <identifier>oai:cat.libraries.psu.edu:18158451</identifier> 
      <datestamp>2022-12-16</datestamp>
      <setSpec>BOOK</setSpec> 
    </header>
    <metadata>
      <record xmlns="http://www.loc.gov/MARC21/slim" xsi:schemaLocation="http://www.loc.gov/MARC21/slim http://www.loc.gov/standards/marcxml/schema/MARC21slim.xsd" type="Bibliographic">
         <leader>     cam  22     Ii 4500</leader>
         <controlfield tag="008">150209t20162016cauae    b    001 0 eng d</controlfield>
            <datafield tag="020" ind1=" " ind2=" ">
               <subfield code="a">194074315X</subfield>
            </datafield>
            <datafield tag="020" ind1=" " ind2=" ">
               <subfield code="a">9781940743158</subfield>
               <subfield code="q">(pbk)</subfield>
            </datafield>
            <datafield tag="035" ind1=" " ind2=" ">
               <subfield code="a">(OCoLC)903080687</subfield>
            </datafield>
            <datafield tag="050" ind1=" " ind2="4">
               <subfield code="a">NA2542.36</subfield>
               <subfield code="b">.Y43 2016</subfield>
            </datafield>
            <datafield tag="100" ind1="1" ind2=" ">
               <subfield code="a">Yeang, Ken,</subfield>
               <subfield code="d">1948-</subfield>
               <subfield code="e">author.</subfield>
               <subfield code="0">http://id.loc.gov/authorities/names/n87852283</subfield>
            </datafield>
            <datafield tag="245" ind1="1" ind2="0">
               <subfield code="a">Constructed ecosystems :</subfield>
               <subfield code="b">ideas and subsystems in the work of Ken Yeang /</subfield>
               <subfield code="c">Ken Yeang, Shireen Jahnkassim, Humaedah Rosly, Robert Powell.</subfield>
            </datafield>
            <datafield tag="250" ind1=" " ind2=" ">
               <subfield code="a">First edition.</subfield>
            </datafield>
            <datafield tag="264" ind1=" " ind2="1">
               <subfield code="a">[Novato, Calif.] :</subfield>
               <subfield code="b">Applied Research And Design Publishing,</subfield>
               <subfield code="c">[2016]</subfield>
            </datafield>
            <datafield tag="264" ind1=" " ind2="4">
               <subfield code="c">©2016</subfield>
            </datafield>
            <datafield tag="300" ind1=" " ind2=" ">
               <subfield code="a">191 pages :</subfield>
               <subfield code="b">illustrations (chiefly color), plans (some color) ;</subfield>
               <subfield code="c">26 cm</subfield>
            </datafield>
            <datafield tag="504" ind1=" " ind2=" ">
               <subfield code="a">Includes bibliographical references (page 188-189) and project index.</subfield>
            </datafield>
            <datafield tag="505" ind1="0" ind2=" ">
               <subfield code="a">Developing subsystems: evolutionary trajectory / Robert Powell -- The ecoarchitecture of Hamzah &amp; Yeang / Shireen Jahn Kassim -- Applied research in designing / Ken Yeang -- Ecocell -- Down-draft cooling shaft -- Double roof -- Vertical landscaping -- Diagonal light shaft -- Mixed-mode cooling system -- Evaporative water cloud device -- Rain-check wall -- Environmental roof -- Skycourts: places-in-the-sky -- Double-layer facade -- Ecobridges &amp; ecoundercrofts -- Vertical habitats: the linked green wall -- Linear park-in-the-sky -- Green ecoinfrastruture.</subfield>
            </datafield>
            <datafield tag="520" ind1=" " ind2=" ">
               <subfield code="a">Presented here are some of the devices used by Ken Yeang in his endeavors to take his theoretical work on ecoarchitecture into the real world of building. Shown and explained here are the various invented devices that Yeang has adopted to technically advance his ideas from the abstract theoretical level, through concept architectural design to the level of microdevices and building sub-systems to achieve a better biointegration of our human built environment with nature.</subfield>
            </datafield>
            <datafield tag="600" ind1="1" ind2="0">
               <subfield code="a">Yeang, Ken,</subfield>
               <subfield code="d">1948-</subfield>
               <subfield code="0">http://id.loc.gov/authorities/names/n87852283</subfield>
            </datafield>
            <datafield tag="600" ind1="1" ind2="7">
               <subfield code="a">Yeang, Ken,</subfield>
               <subfield code="d">1948-</subfield>
               <subfield code="2">fast</subfield>
               <subfield code="0">(OCoLC)fst00239425</subfield>
            </datafield>
            <datafield tag="600" ind1="1" ind2="7">
               <subfield code="a">Yeang, Ken,</subfield>
               <subfield code="d">1948-</subfield>
               <subfield code="2">gnd</subfield>
            </datafield>
            <datafield tag="650" ind1=" " ind2="0">
               <subfield code="a">Sustainable design.</subfield>
               <subfield code="0">http://id.loc.gov/authorities/subjects/sh2007001468</subfield>
            </datafield>
            <datafield tag="650" ind1=" " ind2="0">
               <subfield code="a">Sustainable architecture.</subfield>
               <subfield code="0">http://id.loc.gov/authorities/subjects/sh00004838</subfield>
            </datafield>
            <datafield tag="650" ind1=" " ind2="0">
               <subfield code="a">Architecture and climate.</subfield>
               <subfield code="0">http://id.loc.gov/authorities/subjects/sh85006883</subfield>
            </datafield>
            <datafield tag="650" ind1=" " ind2="0">
               <subfield code="a">Green technology.</subfield>
               <subfield code="0">http://id.loc.gov/authorities/subjects/sh94001791</subfield>
            </datafield>
            <datafield tag="650" ind1=" " ind2="7">
               <subfield code="a">Architecture and climate.</subfield>
               <subfield code="2">fast</subfield>
               <subfield code="0">(OCoLC)fst00813549</subfield>
            </datafield>
            <datafield tag="650" ind1=" " ind2="7">
               <subfield code="a">Green technology.</subfield>
               <subfield code="2">fast</subfield>
               <subfield code="0">(OCoLC)fst00947645</subfield>
            </datafield>
            <datafield tag="650" ind1=" " ind2="7">
               <subfield code="a">Sustainable architecture.</subfield>
               <subfield code="2">fast</subfield>
               <subfield code="0">(OCoLC)fst01139728</subfield>
            </datafield>
            <datafield tag="650" ind1=" " ind2="7">
               <subfield code="a">Sustainable design.</subfield>
               <subfield code="2">fast</subfield>
               <subfield code="0">(OCoLC)fst01742533</subfield>
            </datafield>
            <datafield tag="650" ind1=" " ind2="7">
               <subfield code="a">Bauökologie.</subfield>
               <subfield code="2">gnd</subfield>
            </datafield>
            <datafield tag="650" ind1=" " ind2="7">
               <subfield code="a">Architektur.</subfield>
               <subfield code="2">gnd</subfield>
            </datafield>
            <datafield tag="700" ind1="1" ind2=" ">
               <subfield code="a">Jahnkassim, Shireen,</subfield>
               <subfield code="e">author.</subfield>
               <subfield code="0">http://id.loc.gov/authorities/names/no2016113518</subfield>
            </datafield>
            <datafield tag="700" ind1="1" ind2=" ">
               <subfield code="a">Rosly, Humaedah,</subfield>
               <subfield code="e">author.</subfield>
               <subfield code="0">http://id.loc.gov/authorities/names/no2016113227</subfield>
            </datafield>
            <datafield tag="700" ind1="1" ind2=" ">
               <subfield code="a">Powell, Robert,</subfield>
               <subfield code="d">1942-</subfield>
               <subfield code="e">author.</subfield>
               <subfield code="0">http://id.loc.gov/authorities/names/n90633187</subfield>
            </datafield>
            <datafield tag="999" ind1=" " ind2=" ">
               <subfield code="a">NA2542.36.Y43 2016</subfield>
               <subfield code="w">LC</subfield>
               <subfield code="c">1</subfield>
               <subfield code="i">000079030687</subfield>
               <subfield code="d">3/30/2022</subfield>
               <subfield code="e">9/23/2019</subfield>
               <subfield code="l">STACKS-AC</subfield>
               <subfield code="m">UP-ARCHIT</subfield>
               <subfield code="n">1</subfield>
               <subfield code="q">1</subfield>
               <subfield code="r">Y</subfield>
               <subfield code="s">Y</subfield>
               <subfield code="t">BOOK</subfield>
               <subfield code="u">8/9/2016</subfield>
            </datafield>
      </record>
    </metadata>
  </record>