
   <record> 
    <header>
      <identifier>oai:cat.libraries.psu.edu:18158452</identifier> 
      <datestamp>2022-12-16</datestamp>
      <setSpec>BOOK</setSpec> 
    </header>
    <metadata>
      <record xmlns="http://www.loc.gov/MARC21/slim" xsi:schemaLocation="http://www.loc.gov/MARC21/slim http://www.loc.gov/standards/marcxml/schema/MARC21slim.xsd" type="Bibliographic">
         <leader>     cam  22      i 4500</leader>
         <controlfield tag="008">150323t20162016enkae    bc   001 0beng d</controlfield>
            <datafield tag="020" ind1=" " ind2=" ">
               <subfield code="a">0714870226</subfield>
            </datafield>
            <datafield tag="020" ind1=" " ind2=" ">
               <subfield code="a">9780714870229</subfield>
            </datafield>
            <datafield tag="035" ind1=" " ind2=" ">
               <subfield code="a">(OCoLC)905521983</subfield>
            </datafield>
            <datafield tag="050" ind1=" " ind2="4">
               <subfield code="a">NA737.B68</subfield>
               <subfield code="b">A4 2016</subfield>
            </datafield>
            <datafield tag="100" ind1="1" ind2=" ">
               <subfield code="a">McCarter, Robert,</subfield>
               <subfield code="d">1955-</subfield>
               <subfield code="e">author.</subfield>
            </datafield>
            <datafield tag="245" ind1="1" ind2="0">
               <subfield code="a">Breuer /</subfield>
               <subfield code="c">Robert McCarter.</subfield>
            </datafield>
            <datafield tag="264" ind1=" " ind2="1">
               <subfield code="a">London :</subfield>
               <subfield code="b">Phaidon Press Limited,</subfield>
               <subfield code="c">2016.</subfield>
            </datafield>
            <datafield tag="264" ind1=" " ind2="4">
               <subfield code="c">©2016</subfield>
            </datafield>
            <datafield tag="300" ind1=" " ind2=" ">
               <subfield code="a">447 pages :</subfield>
               <subfield code="b">illustrations (some color), plans ;</subfield>
               <subfield code="c">32 cm</subfield>
            </datafield>
            <datafield tag="504" ind1=" " ind2=" ">
               <subfield code="a">Includes bibliographical references (pages 438-439) and index.</subfield>
            </datafield>
            <datafield tag="505" ind1="0" ind2=" ">
               <subfield code="a">Introduction: the experience of space -- At the beginning of modernism -- Making a modern tradition -- Constructing with elemental forms -- Perfecting the types -- Clarifying the themes -- Transforming the types -- Variations on selected themes -- Conclusion: last of the first moderns/First of the last moderns -- Complete architectural works -- Selected bibliography -- Index.</subfield>
            </datafield>
            <datafield tag="520" ind1=" " ind2=" ">
               <subfield code="a">The most comprehensive book on architect and designer Marcel Breuer (1902-1981), looking in detail at all the houses, furniture, and public buildings he designed In Europe and the United States–from his beginning at the Bauhaus through his collaboration with Walter Gropius, and the establishment of his own practice in the USA.</subfield>
            </datafield>
            <datafield tag="600" ind1="1" ind2="0">
               <subfield code="a">Breuer, Marcel,</subfield>
               <subfield code="d">1902-1981</subfield>
               <subfield code="v">Catalogs.</subfield>
            </datafield>
            <datafield tag="600" ind1="1" ind2="0">
               <subfield code="a">Breuer, Marcel,</subfield>
               <subfield code="d">1902-1981</subfield>
               <subfield code="x">Criticism and interpretation.</subfield>
            </datafield>
            <datafield tag="600" ind1="1" ind2="7">
               <subfield code="a">Breuer, Marcel,</subfield>
               <subfield code="d">1902-1981</subfield>
               <subfield code="2">fast</subfield>
               <subfield code="0">(OCoLC)fst00054801</subfield>
            </datafield>
            <datafield tag="610" ind1="2" ind2="0">
               <subfield code="a">Bauhaus.</subfield>
            </datafield>
            <datafield tag="610" ind1="2" ind2="7">
               <subfield code="a">Bauhaus</subfield>
               <subfield code="2">fast</subfield>
               <subfield code="0">(OCoLC)fst00554499</subfield>
            </datafield>
            <datafield tag="650" ind1=" " ind2="0">
               <subfield code="a">Architects</subfield>
               <subfield code="z">United States</subfield>
               <subfield code="v">Biography.</subfield>
            </datafield>
            <datafield tag="650" ind1=" " ind2="0">
               <subfield code="a">Modern movement (Architecture)</subfield>
               <subfield code="z">United States.</subfield>
            </datafield>
            <datafield tag="650" ind1=" " ind2="7">
               <subfield code="a">Architects.</subfield>
               <subfield code="2">fast</subfield>
               <subfield code="0">(OCoLC)fst00813114</subfield>
            </datafield>
            <datafield tag="650" ind1=" " ind2="7">
               <subfield code="a">Modern movement (Architecture)</subfield>
               <subfield code="2">fast</subfield>
               <subfield code="0">(OCoLC)fst01024437</subfield>
            </datafield>
            <datafield tag="651" ind1=" " ind2="7">
               <subfield code="a">United States.</subfield>
               <subfield code="2">fast</subfield>
               <subfield code="0">(OCoLC)fst01204155</subfield>
            </datafield>
            <datafield tag="655" ind1=" " ind2="7">
               <subfield code="a">Biography.</subfield>
               <subfield code="2">fast</subfield>
               <subfield code="0">(OCoLC)fst01423686</subfield>
            </datafield>
            <datafield tag="655" ind1=" " ind2="7">
               <subfield code="a">Criticism, interpretation, etc.</subfield>
               <subfield code="2">fast</subfield>
               <subfield code="0">(OCoLC)fst01411635</subfield>
            </datafield>
            <datafield tag="700" ind1="1" ind2=" ">
               <subfield code="a">Breuer, Marcel,</subfield>
               <subfield code="d">1902-1981.</subfield>
            </datafield>
            <datafield tag="999" ind1=" " ind2=" ">
               <subfield code="a">NA737.B68A4 2016 Q</subfield>
               <subfield code="w">LC</subfield>
               <subfield code="c">1</subfield>
               <subfield code="i">000079030748</subfield>
               <subfield code="d">2/6/2020</subfield>
               <subfield code="e">1/13/2020</subfield>
               <subfield code="l">STACKS-AC</subfield>
               <subfield code="m">UP-ARCHIT</subfield>
               <subfield code="n">5</subfield>
               <subfield code="q">1</subfield>
               <subfield code="r">Y</subfield>
               <subfield code="s">Y</subfield>
               <subfield code="t">BOOK</subfield>
               <subfield code="u">8/9/2016</subfield>
            </datafield>
      </record>
    </metadata>
  </record>