
   <record> 
    <header>
      <identifier>oai:cat.libraries.psu.edu:18158453</identifier> 
      <datestamp>2022-12-16</datestamp>
      <setSpec>BOOK</setSpec> 
    </header>
    <metadata>
      <record xmlns="http://www.loc.gov/MARC21/slim" xsi:schemaLocation="http://www.loc.gov/MARC21/slim http://www.loc.gov/standards/marcxml/schema/MARC21slim.xsd" type="Bibliographic">
         <leader>     cam  22      i 4500</leader>
         <controlfield tag="008">160331s2016    flua     b    001 0 eng  </controlfield>
            <datafield tag="010" ind1=" " ind2=" ">
               <subfield code="a">  2016003199</subfield>
            </datafield>
            <datafield tag="020" ind1=" " ind2=" ">
               <subfield code="a">9781466580817</subfield>
               <subfield code="q">hardcover</subfield>
               <subfield code="q">alkaline paper</subfield>
            </datafield>
            <datafield tag="020" ind1=" " ind2=" ">
               <subfield code="a">146658081X</subfield>
               <subfield code="q">hardcover</subfield>
               <subfield code="q">alkaline paper</subfield>
            </datafield>
            <datafield tag="050" ind1="0" ind2="0">
               <subfield code="a">GC10.4.R4</subfield>
               <subfield code="b">R37 2016</subfield>
            </datafield>
            <datafield tag="082" ind1="0" ind2="0">
               <subfield code="a">551.46028/4</subfield>
               <subfield code="2">23</subfield>
            </datafield>
            <datafield tag="245" ind1="0" ind2="0">
               <subfield code="a">Radar imaging for maritime observation /</subfield>
               <subfield code="c">edited by Fabrizio Berizzi, Marco Martorella, Elisa Giusti.</subfield>
            </datafield>
            <datafield tag="264" ind1=" " ind2="1">
               <subfield code="a">Boca Raton, FL :</subfield>
               <subfield code="b">CRC Press, Taylor &amp; Francis Group,</subfield>
               <subfield code="c">[2016]</subfield>
            </datafield>
            <datafield tag="300" ind1=" " ind2=" ">
               <subfield code="a">xxxv, 347 pages ;</subfield>
               <subfield code="c">24 cm.</subfield>
            </datafield>
            <datafield tag="490" ind1="1" ind2=" ">
               <subfield code="a">Signal and image processing of Earth observations series</subfield>
            </datafield>
            <datafield tag="504" ind1=" " ind2=" ">
               <subfield code="a">Includes bibliographical references and index.</subfield>
            </datafield>
            <datafield tag="505" ind1="0" ind2=" ">
               <subfield code="a">Machine generated contents note: ch. 1 Principles of Radar Imaging -- 1.1.High Resolution Radars / F. Berizzi / M. Martorella / E. Giusti -- 1.1.1.High Range Resolution / F. Berizzi / M. Martorella / E. Giusti -- 1.1.2.High Cross-Range Resolution / F. Berizzi / M. Martorella / E. Giusti -- 1.2.ISAR versus SAR / F. Berizzi / M. Martorella / E. Giusti -- 1.3.Received Signal Model / F. Berizzi / M. Martorella / E. Giusti -- 1.4.Conclusions / F. Berizzi / M. Martorella / E. Giusti -- ch. 2 SAR Processing / F. Berizzi / M. Martorella / E. Giusti -- 2.1.SAR Imaging Introduction / F. Berizzi / S. Tomei / A. Bacci -- 2.2.SAR Signal Modeling / F. Berizzi / S. Tomei / A. Bacci -- 2.3.SAR Image Formation Techniques / F. Berizzi / S. Tomei / A. Bacci -- 2.3.1.Range Doppler Algorithm / F. Berizzi / S. Tomei / A. Bacci -- 2.3.2.Polar-Format / F. Berizzi / S. Tomei / A. Bacci -- 2.3.3.Omega-K / F. Berizzi / S. Tomei / A. Bacci -- 2.3.4.Back-Projection / F. Berizzi / S. Tomei / A. Bacci -- 2.3.5.Chirp Scaling / F. Berizzi / S. Tomei / A. Bacci -- 2.4.Conclusions / F. Berizzi / S. Tomei / A. Bacci -- ch. 3 ISAR Processing / F. Berizzi / S. Tomei / A. Bacci -- 3.1.ISAR Signal Model / M. Martorella / F. Berizzi / E. Giusti / A. Bacci -- 3.2.ISAR Image Formation Chain / M. Martorella / F. Berizzi / E. Giusti / A. Bacci -- 3.2.1.Image Formation / M. Martorella / F. Berizzi / E. Giusti / A. Bacci -- 3.2.2.Time Window Selection / M. Martorella / F. Berizzi / E. Giusti / A. Bacci -- 3.2.3.Motion Compensation / M. Martorella / F. Berizzi / E. Giusti / A. Bacci -- 3.2.3.1.Image Contrast Based Autofocus / M. Martorella / F. Berizzi / E. Giusti / A. Bacci -- 3.2.3.2.Image Entropy Based Autofocus / M. Martorella / F. Berizzi / E. Giusti / A. Bacci -- 3.2.3.3.Dominant Scatterer Autofocus / M. Martorella / F. Berizzi / E. Giusti / A. Bacci -- 3.2.3.4.Phase Gradient Autofocus / M. Martorella / F. Berizzi / E. Giusti / A. Bacci -- 3.2.4.Image Scaling / M. Martorella / F. Berizzi / E. Giusti / A. Bacci -- 3.3.ISAR Parameters Setting / M. Martorella / F. Berizzi / E. Giusti / A. Bacci -- 3.4.Conclusions / M. Martorella / F. Berizzi / E. Giusti / A. Bacci -- ch. 4 Bistatic ISAR / M. Martorella / F. Berizzi / E. Giusti / A. Bacci -- 4.1.Bistatic Geometry and Signal Modeling / M. Martorella / D. Cataldo / S. Gelli / S. Tomei -- 4.2.Bistatically Equivalent Monostatic Approximation / M. Martorella / D. Cataldo / S. Gelli / S. Tomei -- 4.3.Bistatic ISAR Image Formation and Point Spread Function / M. Martorella / D. Cataldo / S. Gelli / S. Tomei -- 4.3.1.Range Compression / M. Martorella / D. Cataldo / S. Gelli / S. Tomei -- 4.3.2.Doppler Image Formation / M. Martorella / D. Cataldo / S. Gelli / S. Tomei -- 4.3.3.Bistatic Distortion: Worst Case / M. Martorella / D. Cataldo / S. Gelli / S. Tomei -- 4.4.Bistatic Image Projection Plane and Effective Rotation Vector / M. Martorella / D. Cataldo / S. Gelli / S. Tomei -- 4.4.1.Bistatic Effective Rotation Vector / M. Martorella / D. Cataldo / S. Gelli / S. Tomei -- 4.4.2.Cross-Range Unit Vector: Further Analysis / M. Martorella / D. Cataldo / S. Gelli / S. Tomei -- 4.4.3.Bistatic Linear Distortion: Further Analysis / M. Martorella / D. Cataldo / S. Gelli / S. Tomei -- 4.5.B-ISAR in the Presence of Phase Synchronization Errors / M. Martorella / D. Cataldo / S. Gelli / S. Tomei -- 4.5.1.Signal Modeling in the Presence of Synchronization Errors / M. Martorella / D. Cataldo / S. Gelli / S. Tomei -- 4.5.2.Radial Motion Compensation in the Presence of Synchronization Errors / M. Martorella / D. Cataldo / S. Gelli / S. Tomei -- 4.5.3.B-ISAR Image Formation in the Presence of Synchronization Errors / M. Martorella / D. Cataldo / S. Gelli / S. Tomei -- 4.5.3.1.Range Compression / M. Martorella / D. Cataldo / S. Gelli / S. Tomei -- 4.5.3.2.Cross-Range Compression / M. Martorella / D. Cataldo / S. Gelli / S. Tomei -- 4.5.3.3.Comments on the Bistatic PSF in the Presence of Synchronization Errors / M. Martorella / D. Cataldo / S. Gelli / S. Tomei -- 4.5.4.Distortion Analysis / M. Martorella / D. Cataldo / S. Gelli / S. Tomei -- 4.5.4.1.Linear Distortions Analysis / M. Martorella / D. Cataldo / S. Gelli / S. Tomei -- 4.5.4.2.Quadratic Distortions Analysis / M. Martorella / D. Cataldo / S. Gelli / S. Tomei -- 4.5.4.3.Cubic Distortions Analysis / M. Martorella / D. Cataldo / S. Gelli / S. Tomei -- 4.6.Conclusions / M. Martorella / D. Cataldo / S. Gelli / S. Tomei -- ch. 5 Passive ISAR / M. Martorella / D. Cataldo / S. Gelli / S. Tomei -- 5.1.Passive Radar Signal Processing Chain / M. Martorella / F. Berizzi / E. Giusti / C. Moscardini / A. Capria / D. Petri / M. Conti -- 5.2.Range Doppler Map Formation / M. Martorella / F. Berizzi / E. Giusti / C. Moscardini / A. Capria / D. Petri / M. Conti -- 5.2.1.Optimum CAF Calculation via the Batch Algorithm / M. Martorella / F. Berizzi / E. Giusti / C. Moscardini / A. Capria / D. Petri / M. Conti -- 5.2.2.Batch Algorithm Implementation / M. Martorella / F. Berizzi / E. Giusti / C. Moscardini / A. Capria / D. Petri / M. Conti -- 5.2.3.Performance Analysis / M. Martorella / F. Berizzi / E. Giusti / C. Moscardini / A. Capria / D. Petri / M. Conti -- 5.3.Passive ISAR Theory / M. Martorella / F. Berizzi / E. Giusti / C. Moscardini / A. Capria / D. Petri / M. Conti -- 5.3.1.Passive ISAR Signal Processing Chain / M. Martorella / F. Berizzi / E. Giusti / C. Moscardini / A. Capria / D. Petri / M. Conti -- 5.3.2.P-ISAR Signal Modeling / M. Martorella / F. Berizzi / E. Giusti / C. Moscardini / A. Capria / D. Petri / M. Conti -- 5.3.3.P-ISAR Imaging / M. Martorella / F. Berizzi / E. Giusti / C. Moscardini / A. Capria / D. Petri / M. Conti -- 5.3.4.Performances Analysis / M. Martorella / F. Berizzi / E. Giusti / C. Moscardini / A. Capria / D. Petri / M. Conti -- 5.4.Illuminators of Opportunity Analysis / M. Martorella / F. Berizzi / E. Giusti / C. Moscardini / A. Capria / D. Petri / M. Conti -- 5.4.1.DVB-T Case Study / M. Martorella / F. Berizzi / E. Giusti / C. Moscardini / A. Capria / D. Petri / M. Conti -- 5.5.Conclusions / M. Martorella / F. Berizzi / E. Giusti / C. Moscardini / A. Capria / D. Petri / M. Conti -- ch. 6 3D Interferometric ISAR / M. Martorella / F. Berizzi / E. Giusti / C. Moscardini / A. Capria / D. Petri / M. Conti -- 6.1.Multi-Channel ISAR Signal Model / M. Martorella / D. Stagliana / F. Salvetti / F. Berizzi -- 6.1.1.System Geometry / M. Martorella / D. Stagliana / F. Salvetti / F. Berizzi -- 6.1.2.Received Signal Modeling / M. Martorella / D. Stagliana / F. Salvetti / F. Berizzi -- 6.2.3D InISAR Image Formation Chain / M. Martorella / D. Stagliana / F. Salvetti / F. Berizzi -- 6.2.1.Multi-Channel Autofocusing Technique / M. Martorella / D. Stagliana / F. Salvetti / F. Berizzi -- 6.2.1.1.Phase Compensation for Squinted Geometry / M. Martorella / D. Stagliana / F. Salvetti / F. Berizzi -- 6.2.2.Multi-Channel CLEAN Technique / M. Martorella / D. Stagliana / F. Salvetti / F. Berizzi -- 6.2.2.1.Signal Separation / M. Martorella / D. Stagliana / F. Salvetti / F. Berizzi -- 6.2.2.2.Feature Extraction / M. Martorella / D. Stagliana / F. Salvetti / F. Berizzi -- 6.2.3.3D Image Reconstruction / F. Berizzi / F. Salvetti / D. Stagliana / M. Martorella -- 6.2.3.1.Joint Estimation of the Angle and Si / F. Salvetti / F. Berizzi / D. Stagliana / M. Martorella -- 6.3.Performance Analysis / F. Berizzi / F. Salvetti / D. Stagliana / M. Martorella -- 6.3.1.Scatterers Realignment / F. Salvetti / F. Berizzi / D. Stagliana / M. Martorella -- 6.3.2.Soft Assignment / F. Berizzi / F. Salvetti / D. Stagliana / M. Martorella -- 6.3.3.Performance Indicators / F. Salvetti / F. Berizzi / D. Stagliana / M. Martorella -- 6.4.Simulation Results / F. Berizzi / F. Salvetti / D. Stagliana / M. Martorella -- 6.4.1.Simulation Set-Up / F. Salvetti / F. Berizzi / D. Stagliana / M. Martorella -- 6.5.Conclusions / F. Salvetti / D. Stagliana / M. Martorella / F. Berizzi -- ch. 7 Detection of Ships from SAR Images / F. Salvetti / D. Stagliana / M. Martorella / F. Berizzi -- 7.1.Algorithm Description / M. Martorella / A. Lupidi / D. Staglianò / F. Berizzi -- 7.1.1.Pre-Processing: Wavelet Correlator / D. Staglianò / A. Lupidi / M. Martorella / F. Berizzi -- 7.1.2.Detector / D. Staglianò / A. Lupidi / M. Martorella / F. Berizzi -- 7.1.2.1.S-Detector / D. Staglianò / A. Lupidi / M. Martorella / F. Berizzi -- 7.1.2.2.W-CFAR / D. Staglianò / A. Lupidi / M. Martorella / F. Berizzi -- 7.1.3.Post-Processing / D. Staglianò / A. Lupidi / F. Berizzi / M. Martorella -- 7.2.Experimental Results / D. Staglianò / M. Martorella / A. Lupidi / F. Berizzi -- 7.2.1.Case Study #1 / D. Staglianò / A. Lupidi / M. Martorella / F. Berizzi -- 7.2.1.1.Pre-Processing Results / D. Staglianò / A. Lupidi / M. Martorella / F. Berizzi -- 7.2.1.2.Detection Results / D. Staglianò / A. Lupidi / M. Martorella / F. Berizzi -- 7.2.2.Case Study #2 / D. Staglianò / A. Lupidi / M. Martorella / F. Berizzi -- 7.2.2.1.Pre-Processing Results / D. Staglianò / A. Lupidi / M. Martorella / F. Berizzi -- 7.2.2.2.Detection Results / D. Staglianò / A. Lupidi / M. Martorella / F. Berizzi -- 7.2.3.Case Study #3 / D. Staglianò / A. Lupidi / M. Martorella / F. Berizzi -- 7.2.3.1.Pre-Processing Results / D. Staglianò / A. Lupidi / M. Martorella / F. Berizzi -- 7.2.3.2.Detection Results / D. Staglianò / A. Lupidi / M. Martorella / F. Berizzi -- 7.3.Acknowledgments / D. Staglianò / A. Lupidi / M. Martorella / F. Berizzi -- ch. 8 Oil Spill Detection with SAR Images / D. Staglianò / A. Lupidi / M. Martorella / F. Berizzi -- 8.1.Speckle Noise Reduction / F. Berizzi / A. Lupidi / D. Staglianò -- 8.2.Morphologic Image Enhancement / F. Berizzi / A. Lupidi / D. Staglianò -- 8.3.Segmentation / F. Berizzi / A. Lupidi / D. Staglianò -- 8.4.Oil Spill Classification / F. Berizzi / A. Lupidi / D. Staglianò -- 8.4.1.Self-Similar Random Process Models / D. Staglianò / F. Berizzi / A. Lupidi --</subfield>
            </datafield>
            <datafield tag="505" ind1="0" ind2=" ">
               <subfield code="a">Contents note continued: 8.4.1.1.Stationary Long-Range and Short-Range Dependence Processes / F. Berizzi / A. Lupidi / D. Staglianò -- 8.4.1.2.Long-Range Self-Similar Processes / F. Berizzi / A. Lupidi / D. Staglianò -- 8.4.2.FARIMA Model Description / F. Berizzi / A. Lupidi / D. Staglianò -- 8.4.3.FEXP Model Description / F. Berizzi / A. Lupidi / D. Staglianò -- 8.4.4.Spectral Densities of FARIMA and FEXP Processes / F. Berizzi / A. Lupidi / D. Staglianò -- 8.4.5.Fractional Parameters Method Description / F. Berizzi / A. Lupidi / D. Staglianò -- 8.4.5.1.Estimation of Mean Radial PSD / F. Berizzi / A. Lupidi / D. Staglianò -- 8.4.5.2.Estimation of the Fractional Differencing Parameter / F. Berizzi / A. Lupidi / D. Staglianò -- 8.4.5.3.Estimation of the ARMA Parameters and FARIMA Model / F. Berizzi / A. Lupidi / D. Staglianò -- 8.4.5.4.Estimation of EXP Parameters and FEXP Model / F. Berizzi / A. Lupidi / D. Staglianò -- 8.4.5.5.Mean Amplitude of [&amp;#x0160;]SRD(kj,n) / F. Berizzi / A. Lupidi / D. Staglianò -- 8.5.Oil Spill Shape / F. Berizzi / A. Lupidi / D. Staglianò -- 8.6.Data Analysis / F. Berizzi / A. Lupidi / D. Staglianò -- 8.7.Acknowledgments / F. Berizzi / A. Lupidi / D. Staglianò -- ch. 9 Non-Cooperative Moving Target Imaging / F. Berizzi / A. Lupidi / D. Staglianò -- 9.1.ISAR from SAR Processing Chain / M. Martorella / F. Berizzi / E. Giusti / A. Bacci -- 9.2.Moving Targets Detection / M. Martorella / F. Berizzi / E. Giusti / A. Bacci -- 9.3.Time-Windowing Enabling / M. Martorella / F. Berizzi / E. Giusti / A. Bacci -- 9.4.Sub-Image Inversion / M. Martorella / F. Berizzi / E. Giusti / A. Bacci -- 9.4.1.Inverse Range Doppler / E. Giusti / A. Bacci / M. Martorella / F. Berizzi -- 9.4.2.Inverse Polar Format / M. Martorella / F. Berizzi / E. Giusti / A. Bacci -- 9.4.3.Inverse w - k / M. Martorella / F. Berizzi / E. Giusti / A. Bacci -- 9.4.4.Inverse Chirp Scaling / M. Martorella / F. Berizzi / E. Giusti / A. Bacci -- 9.5.ISAR from SAR: Results / M. Martorella / F. Berizzi / E. Giusti / A. Bacci -- 9.5.1.EMISAR Dataset / M. Martorella / F. Berizzi / E. Giusti / A. Bacci -- 9.5.2.COSMO SKY-MED: Istanbul Dataset / M. Martorella / F. Berizzi / E. Giusti / A. Bacci -- 9.5.3.COSMO SKY-MED: Messina Dataset / M. Martorella / F. Berizzi / E. Giusti / A. Bacci -- 9.5.4.COSMO SKY-MED: South Africa Dataset / M. Martorella / F. Berizzi / E. Giusti / A. Bacci -- 9.5.5.COSMO SKY-MED Dataset 4: Cooperative Target / M. Martorella / F. Berizzi / E. Giusti / A. Bacci -- 9.5.5.1.First Acquisition / M. Martorella / F. Berizzi / E. Giusti / A. Bacci -- 9.5.5.2.Second Acquisition / M. Martorella / F. Berizzi / E. Giusti / A. Bacci -- 9.6.Acknowledgments / M. Martorella / F. Berizzi / E. Giusti / A. Bacci -- ch. 10 Passive ISAR for Harbor Protection and Surveillance / M. Martorella / F. Berizzi / E. Giusti / A. Bacci -- 10.1.Passive Bistatic ISAR Processing Chain / M. Martorella / F. Berizzi / E. Giusti / C. Moscardini / A. Capria / D. Petri / M. Conti -- 10.2.Passive ISAR Results / C. Moscardini / A. Capria / D. Petri / M. Conti / M. Martorella / F. Berizzi / E. Giusti -- 10.2.1.First Case Study / M. Martorella / F. Berizzi / E. Giusti / C. Moscardini / A. Capria / D. Petri / M. Conti -- 10.2.2.Second Case Study / M. Martorella / F. Berizzi / E. Giusti / C. Moscardini / A. Capria / D. Petri / M. Conti -- 10.3.Conclusions / M. Martorella / F. Berizzi / E. Giusti / C. Moscardini / A. Capria / D. Petri / M. Conti -- 10.4.Acknowledgments / M. Martorella / F. Berizzi / E. Giusti / C. Moscardini / A. Capria / D. Petri / M. Conti -- ch. 11 Blue Port Traffic Monitoring via 3D InISAR Radar Imaging System / M. Martorella / F. Berizzi / E. Giusti / C. Moscardini / A. Capria / D. Petri / M. Conti -- 11.1.System Architecture / F. Berizzi / M. Martorella / E. Giusti / F. Salvetti / D. Staglianò / S. Lischi -- 11.2.System's Signal Processing Chain / F. Berizzi / M. Martorella / E. Giusti / F. Salvetti / D. Staglianò / S. Lischi -- 11.3.Experimental Results / F. Berizzi / M. Martorella / E. Giusti / F. Salvetti / D. Staglianò / S. Lischi -- 11.3.1.Experimental Set-Up Description / F. Berizzi / M. Martorella / E. Giusti / F. Salvetti / D. Staglianò / S. Lischi -- 11.3.2.Results / M. Martorella / E. Giusti / F. Salvetti / D. Staglianò / S. Lischi / F. Berizzi -- 11.4.Conclusions / F. Berizzi / M. Martorella / E. Giusti / F. Salvetti / D. Staglianò / S. Lischi -- 11.5.Acknowledgments / F. Berizzi / M. Martorella / E. Giusti / F. Salvetti / D. Staglianò / S. Lischi.</subfield>
            </datafield>
            <datafield tag="650" ind1=" " ind2="0">
               <subfield code="a">Oceanography</subfield>
               <subfield code="x">Remote sensing.</subfield>
            </datafield>
            <datafield tag="650" ind1=" " ind2="0">
               <subfield code="a">Synthetic aperture radar.</subfield>
            </datafield>
            <datafield tag="650" ind1=" " ind2="0">
               <subfield code="a">Inverse synthetic aperture radar.</subfield>
            </datafield>
            <datafield tag="700" ind1="1" ind2=" ">
               <subfield code="a">Berizzi, Fabrizio,</subfield>
               <subfield code="e">editor.</subfield>
            </datafield>
            <datafield tag="700" ind1="1" ind2=" ">
               <subfield code="a">Martorella, Marco,</subfield>
               <subfield code="e">editor.</subfield>
            </datafield>
            <datafield tag="700" ind1="1" ind2=" ">
               <subfield code="a">Giusti, Elisa,</subfield>
               <subfield code="e">editor.</subfield>
            </datafield>
            <datafield tag="830" ind1=" " ind2="0">
               <subfield code="a">Signal and image processing of Earth observations series.</subfield>
            </datafield>
            <datafield tag="999" ind1=" " ind2=" ">
               <subfield code="a">GC10.4.R4R37 2016</subfield>
               <subfield code="w">LC</subfield>
               <subfield code="c">1</subfield>
               <subfield code="i">000079031080</subfield>
               <subfield code="d">7/11/2017</subfield>
               <subfield code="e">5/1/2017</subfield>
               <subfield code="l">STACKS-EM</subfield>
               <subfield code="m">UP-EMS</subfield>
               <subfield code="n">2</subfield>
               <subfield code="r">Y</subfield>
               <subfield code="s">Y</subfield>
               <subfield code="t">BOOK</subfield>
               <subfield code="u">8/9/2016</subfield>
            </datafield>
      </record>
    </metadata>
  </record>