
   <record> 
    <header>
      <identifier>oai:cat.libraries.psu.edu:18158454</identifier> 
      <datestamp>2022-12-16</datestamp>
      <setSpec>BOOK</setSpec> 
    </header>
    <metadata>
      <record xmlns="http://www.loc.gov/MARC21/slim" xsi:schemaLocation="http://www.loc.gov/MARC21/slim http://www.loc.gov/standards/marcxml/schema/MARC21slim.xsd" type="Bibliographic">
         <leader>     cam  22     8i 4500</leader>
         <controlfield tag="008">150521s2016    nyua     b    001 0 eng  </controlfield>
            <datafield tag="010" ind1=" " ind2=" ">
               <subfield code="a">  2015017365</subfield>
            </datafield>
            <datafield tag="020" ind1=" " ind2=" ">
               <subfield code="a">9780823267101 (cloth : alk. paper)</subfield>
            </datafield>
            <datafield tag="020" ind1=" " ind2=" ">
               <subfield code="a">0823267105 (cloth : alk. paper)</subfield>
            </datafield>
            <datafield tag="020" ind1=" " ind2=" ">
               <subfield code="a">9780823269273 (pbk. : alk. paper)</subfield>
            </datafield>
            <datafield tag="020" ind1=" " ind2=" ">
               <subfield code="a">0823269272 (pbk. : alk. paper)</subfield>
            </datafield>
            <datafield tag="050" ind1="0" ind2="0">
               <subfield code="a">PN1992.77.D44</subfield>
               <subfield code="b">O43 2016</subfield>
            </datafield>
            <datafield tag="082" ind1="0" ind2="0">
               <subfield code="a">791.45/72</subfield>
               <subfield code="2">23</subfield>
            </datafield>
            <datafield tag="245" ind1="0" ind2="0">
               <subfield code="a">Of elephants and toothaches :</subfield>
               <subfield code="b">ethics, politics, and religion in Krzysztof Kieślowski's Decalogue /</subfield>
               <subfield code="c">Eva Badowska and Francesca Parmeggiani, editors.</subfield>
            </datafield>
            <datafield tag="250" ind1=" " ind2=" ">
               <subfield code="a">First edition.</subfield>
            </datafield>
            <datafield tag="264" ind1=" " ind2="1">
               <subfield code="a">New York :</subfield>
               <subfield code="b">Fordham University Press,</subfield>
               <subfield code="c">2016.</subfield>
            </datafield>
            <datafield tag="300" ind1=" " ind2=" ">
               <subfield code="a">vi, 243 pages :</subfield>
               <subfield code="b">illustrations ;</subfield>
               <subfield code="c">24 cm</subfield>
            </datafield>
            <datafield tag="504" ind1=" " ind2=" ">
               <subfield code="a">Includes bibliographical references  and index.</subfield>
            </datafield>
            <datafield tag="505" ind1="0" ind2=" ">
               <subfield code="a">Introduction: within unrest, there is always a question / Eva Badowska and Francesca Parmeggiani -- Rules and virtues: the moral insight of the Decalogue / William Jaworski -- Tablets of stone, tablets of flesh: synesthetic appeal in the Decalogue / Joseph G. Kickasola -- Decalogue one: witnessing a responsible ethics of response from a Jewish perspective / Moshe Gold -- Visual reverberations: Decalogue two and Decalogue eight / Eva M. Stadler -- Remember the sabbath day, to keep it holy: Decalogue three / Joseph W. Koterski, S.J. -- Decalogue four: &quot;The Mother Up in Smoke, or &quot;Honor Thy Father and Thy Mother&quot; / Gabriella Ripa di Meana -- Decalogue five: a short film about killing, sin, and community / Michael Baur -- States of exception: politics and poetics in Decalogue six / Eva Badowska -- Decalogue seven: a tale of love, failing words, and moving images / Francesca Parmeggiani -- Decalogue eight: childhood, emotion, and the shoah / Emma Wilson -- Divine possession: metaphysical covetousness in Decalogue nine / Philip Sicker -- Laughter makes good neighbors: sociability and the comic in Decalogue ten / Regina Small.</subfield>
            </datafield>
            <datafield tag="600" ind1="1" ind2="0">
               <subfield code="a">Kieślowski, Krzysztof,</subfield>
               <subfield code="d">1941-1996</subfield>
               <subfield code="x">Criticism and interpretation.</subfield>
            </datafield>
            <datafield tag="600" ind1="1" ind2="7">
               <subfield code="a">Kieślowski, Krzysztof,</subfield>
               <subfield code="d">1941-1996</subfield>
               <subfield code="2">fast</subfield>
               <subfield code="0">(OCoLC)fst00287784</subfield>
            </datafield>
            <datafield tag="630" ind1="0" ind2="0">
               <subfield code="a">Dekalog (Television program)</subfield>
            </datafield>
            <datafield tag="630" ind1="0" ind2="7">
               <subfield code="a">Dekalog (Television program)</subfield>
               <subfield code="2">fast</subfield>
               <subfield code="0">(OCoLC)fst01386522</subfield>
            </datafield>
            <datafield tag="650" ind1=" " ind2="0">
               <subfield code="a">Television programs</subfield>
               <subfield code="x">Moral and ethical aspects</subfield>
               <subfield code="z">Poland.</subfield>
            </datafield>
            <datafield tag="650" ind1=" " ind2="0">
               <subfield code="a">Religion on television.</subfield>
            </datafield>
            <datafield tag="650" ind1=" " ind2="7">
               <subfield code="a">Religion on television.</subfield>
               <subfield code="2">fast</subfield>
               <subfield code="0">(OCoLC)fst01737566</subfield>
            </datafield>
            <datafield tag="650" ind1=" " ind2="7">
               <subfield code="a">Television programs</subfield>
               <subfield code="x">Moral and ethical aspects.</subfield>
               <subfield code="2">fast</subfield>
               <subfield code="0">(OCoLC)fst01147044</subfield>
            </datafield>
            <datafield tag="651" ind1=" " ind2="7">
               <subfield code="a">Poland.</subfield>
               <subfield code="2">fast</subfield>
               <subfield code="0">(OCoLC)fst01206891</subfield>
            </datafield>
            <datafield tag="655" ind1=" " ind2="7">
               <subfield code="a">Criticism, interpretation, etc.</subfield>
               <subfield code="2">fast</subfield>
               <subfield code="0">(OCoLC)fst01411635</subfield>
            </datafield>
            <datafield tag="700" ind1="1" ind2=" ">
               <subfield code="a">Badowska, Eva,</subfield>
               <subfield code="e">editor.</subfield>
            </datafield>
            <datafield tag="700" ind1="1" ind2=" ">
               <subfield code="a">Parmeggiani, Francesca,</subfield>
               <subfield code="e">editor.</subfield>
            </datafield>
            <datafield tag="999" ind1=" " ind2=" ">
               <subfield code="a">PN1992.77.D44O43 2016</subfield>
               <subfield code="w">LC</subfield>
               <subfield code="c">1</subfield>
               <subfield code="i">000079030342</subfield>
               <subfield code="d">10/10/2016</subfield>
               <subfield code="e">8/23/2016</subfield>
               <subfield code="l">PATTEE-2A</subfield>
               <subfield code="m">UP-PAT</subfield>
               <subfield code="r">Y</subfield>
               <subfield code="s">Y</subfield>
               <subfield code="t">BOOK</subfield>
               <subfield code="u">8/9/2016</subfield>
            </datafield>
      </record>
    </metadata>
  </record>