
   <record> 
    <header>
      <identifier>oai:cat.libraries.psu.edu:18158456</identifier> 
      <datestamp>2022-12-16</datestamp>
      <setSpec>BOOK</setSpec> 
    </header>
    <metadata>
      <record xmlns="http://www.loc.gov/MARC21/slim" xsi:schemaLocation="http://www.loc.gov/MARC21/slim http://www.loc.gov/standards/marcxml/schema/MARC21slim.xsd" type="Bibliographic">
         <leader>     cam  22      i 4500</leader>
         <controlfield tag="008">160105t20162016enkabf   b    001 0 eng c</controlfield>
            <datafield tag="010" ind1=" " ind2=" ">
               <subfield code="a">  2015047431</subfield>
            </datafield>
            <datafield tag="020" ind1=" " ind2=" ">
               <subfield code="a">9781118561270</subfield>
               <subfield code="q">hardcover ;</subfield>
               <subfield code="q">alkaline paper</subfield>
            </datafield>
            <datafield tag="020" ind1=" " ind2=" ">
               <subfield code="a">1118561279</subfield>
               <subfield code="q">hardcover ;</subfield>
               <subfield code="q">alkaline paper</subfield>
            </datafield>
            <datafield tag="020" ind1=" " ind2=" ">
               <subfield code="a">9781118561539</subfield>
               <subfield code="q">paperback ;</subfield>
               <subfield code="q">alkaline paper</subfield>
            </datafield>
            <datafield tag="020" ind1=" " ind2=" ">
               <subfield code="a">1118561538</subfield>
               <subfield code="q">paperback ;</subfield>
               <subfield code="q">alkaline paper</subfield>
            </datafield>
            <datafield tag="050" ind1="0" ind2="0">
               <subfield code="a">QE882.C5</subfield>
               <subfield code="b">M37 2016</subfield>
            </datafield>
            <datafield tag="082" ind1="0" ind2="0">
               <subfield code="a">569/.5</subfield>
               <subfield code="2">23</subfield>
            </datafield>
            <datafield tag="100" ind1="1" ind2=" ">
               <subfield code="a">Marx, Felix G.,</subfield>
               <subfield code="e">author.</subfield>
            </datafield>
            <datafield tag="245" ind1="1" ind2="0">
               <subfield code="a">Cetacean paleobiology /</subfield>
               <subfield code="c">Felix G. Marx, Olivier Lambert, and Mark D. Uhen.</subfield>
            </datafield>
            <datafield tag="250" ind1=" " ind2=" ">
               <subfield code="a">First edition.</subfield>
            </datafield>
            <datafield tag="264" ind1=" " ind2="1">
               <subfield code="a">Chichester, West Sussex, UK ;</subfield>
               <subfield code="a">Hoboken, NJ :</subfield>
               <subfield code="b">John Wiley &amp; Sons, Ltd.,</subfield>
               <subfield code="c">2016.</subfield>
            </datafield>
            <datafield tag="264" ind1=" " ind2="4">
               <subfield code="c">©2016</subfield>
            </datafield>
            <datafield tag="300" ind1=" " ind2=" ">
               <subfield code="a">ix, 319 pages, 16 unnumbered pages of plates :</subfield>
               <subfield code="b">illustrations (some color), maps ;</subfield>
               <subfield code="c">25 cm.</subfield>
            </datafield>
            <datafield tag="490" ind1="1" ind2=" ">
               <subfield code="a">Topics in paleobiology</subfield>
            </datafield>
            <datafield tag="504" ind1=" " ind2=" ">
               <subfield code="a">Includes bibliographical references and index.</subfield>
            </datafield>
            <datafield tag="505" ind1="0" ind2=" ">
               <subfield code="a">Cetaceans past and present -- The cetacean fossil record -- Morphology -- Phylogeny -- Major steps in the evolution of cetaceans -- Fossil evidence of cetacean biology -- Macroevolutionary patterns -- Palaeontological insights into evolution and development -- Living cetaceans in an evolutionary context.</subfield>
            </datafield>
            <datafield tag="520" ind1=" " ind2=" ">
               <subfield code="a">Cetaceans (whales, dolphins, and porpoises) have fascinated and bewildered humans throughout history. Their mammalian affinities have been long recognized, but exactly which group of terrestrial mammals they descend from has, until recently, remained in the dark. Recent decades have produced a flurry of new fossil cetaceans, extending their fossil history to over 50 million years ago. Along with new insights from genetics and developmental studies, these discoveries have helped to clarify the place of cetaceans among mammals, and enriched our understanding of their unique adaptations for feeding, locomotion and sensory systems. Their continuously improving fossil record and successive transformation into highly specialized marine mammals have made cetaceans a textbook case of evolution ù as iconic in its own way as the origin of birds from dinosaurs. This book aims to summarize our current understanding of cetacean evolution for the serious student and interested amateur using photographs, drawings, charts and illustrations. --Book Jacket.</subfield>
            </datafield>
            <datafield tag="650" ind1=" " ind2="0">
               <subfield code="a">Cetacea, Fossil.</subfield>
            </datafield>
            <datafield tag="650" ind1=" " ind2="0">
               <subfield code="a">Evolutionary paleobiology.</subfield>
            </datafield>
            <datafield tag="650" ind1=" " ind2="7">
               <subfield code="a">Cetacea, Fossil.</subfield>
               <subfield code="2">fast</subfield>
               <subfield code="0">(OCoLC)fst00851591</subfield>
            </datafield>
            <datafield tag="650" ind1=" " ind2="7">
               <subfield code="a">Evolutionary paleobiology.</subfield>
               <subfield code="2">fast</subfield>
               <subfield code="0">(OCoLC)fst00917345</subfield>
            </datafield>
            <datafield tag="700" ind1="1" ind2=" ">
               <subfield code="a">Lambert, Olivier</subfield>
               <subfield code="c">(Paleontologist),</subfield>
               <subfield code="e">author.</subfield>
            </datafield>
            <datafield tag="700" ind1="1" ind2=" ">
               <subfield code="a">Uhen, Mark D.,</subfield>
               <subfield code="e">author.</subfield>
            </datafield>
            <datafield tag="776" ind1="0" ind2="8">
               <subfield code="i">Online version:</subfield>
               <subfield code="a">Marx, Felix G., author.</subfield>
               <subfield code="t">Cetacean palaeobiology.</subfield>
               <subfield code="d">Chichester, UK ; Hoboken, NJ : John Wiley &amp; Sons, 2016</subfield>
               <subfield code="z">9781118561362</subfield>
               <subfield code="w">(DLC)  2016005795</subfield>
            </datafield>
            <datafield tag="830" ind1=" " ind2="0">
               <subfield code="a">Topics in paleobiology.</subfield>
            </datafield>
            <datafield tag="999" ind1=" " ind2=" ">
               <subfield code="a">QE882.C5M37 2016</subfield>
               <subfield code="w">LC</subfield>
               <subfield code="c">1</subfield>
               <subfield code="i">000079031110</subfield>
               <subfield code="d">7/26/2018</subfield>
               <subfield code="e">5/16/2018</subfield>
               <subfield code="l">STACKS-EM</subfield>
               <subfield code="m">UP-EMS</subfield>
               <subfield code="n">1</subfield>
               <subfield code="r">Y</subfield>
               <subfield code="s">Y</subfield>
               <subfield code="t">BOOK</subfield>
               <subfield code="u">8/9/2016</subfield>
            </datafield>
      </record>
    </metadata>
  </record>