
   <record> 
    <header>
      <identifier>oai:cat.libraries.psu.edu:18158457</identifier> 
      <datestamp>2022-12-16</datestamp>
      <setSpec>BOOK</setSpec> 
    </header>
    <metadata>
      <record xmlns="http://www.loc.gov/MARC21/slim" xsi:schemaLocation="http://www.loc.gov/MARC21/slim http://www.loc.gov/standards/marcxml/schema/MARC21slim.xsd" type="Bibliographic">
         <leader>     cam  22      i 4500</leader>
         <controlfield tag="008">160226s2016    miua     b    001 0 eng  </controlfield>
            <datafield tag="010" ind1=" " ind2=" ">
               <subfield code="a">  2016001990</subfield>
            </datafield>
            <datafield tag="020" ind1=" " ind2=" ">
               <subfield code="a">9780472119875</subfield>
               <subfield code="q">(hardback)</subfield>
            </datafield>
            <datafield tag="020" ind1=" " ind2=" ">
               <subfield code="a">0472119877</subfield>
               <subfield code="q">(hardback)</subfield>
            </datafield>
            <datafield tag="020" ind1=" " ind2=" ">
               <subfield code="a">047212191X</subfield>
            </datafield>
            <datafield tag="020" ind1=" " ind2=" ">
               <subfield code="a">9780472121915</subfield>
            </datafield>
            <datafield tag="050" ind1="0" ind2="0">
               <subfield code="a">HD9525.E852</subfield>
               <subfield code="b">S93 2016</subfield>
            </datafield>
            <datafield tag="082" ind1="0" ind2="0">
               <subfield code="a">338.4/309437</subfield>
               <subfield code="2">23</subfield>
            </datafield>
            <datafield tag="100" ind1="1" ind2=" ">
               <subfield code="a">Sznajder Lee, Aleksandra,</subfield>
               <subfield code="e">author.</subfield>
            </datafield>
            <datafield tag="245" ind1="1" ind2="0">
               <subfield code="a">Transnational capitalism in East Central Europe's heavy industry :</subfield>
               <subfield code="b">from flagship enterprises to subsidiaries /</subfield>
               <subfield code="c">Aleksandra Sznajder Lee.</subfield>
            </datafield>
            <datafield tag="264" ind1=" " ind2="1">
               <subfield code="a">Ann Arbor :</subfield>
               <subfield code="b">University of Michigan Press,</subfield>
               <subfield code="c">[2016]</subfield>
            </datafield>
            <datafield tag="300" ind1=" " ind2=" ">
               <subfield code="a">xiii, 302 pages :</subfield>
               <subfield code="b">illustrations ;</subfield>
               <subfield code="c">24 cm</subfield>
            </datafield>
            <datafield tag="504" ind1=" " ind2=" ">
               <subfield code="a">Includes bibliographical references (pages 269-281) and index.</subfield>
            </datafield>
            <datafield tag="505" ind1="0" ind2=" ">
               <subfield code="a">Machine generated contents note: One.Introduction: From Flagship Enterprises to Subsidiaries -- Two.State Capacity and the Political Economy of Industrial Restructuring -- Three.Putting Reform in Context: Politics of Initial Policy Choice -- Four.Restructuring Behemoths: State Capacity and the Enterprise Level in Comparative Perspective -- Five.Acting Collectively: Social Dialogue, State Capacity, and Sectoral Restructuring -- Six.Rise of Transnational Capitalism: State Capacity and External Pressures -- Seven.Conclusion: European Capitalisms in Comparative Perspective -- APPENDIXES -- Appendix A List of Interviews -- Appendix B Calculation of State Aid to the Steel Sector -- Appendix C Enterprise List and Ownership Type of Steelworks in the Czech Republic, Poland, Romania, and Slovakia in 1990, 1996, and 2005.</subfield>
            </datafield>
            <datafield tag="650" ind1=" " ind2="0">
               <subfield code="a">Steel industry and trade</subfield>
               <subfield code="z">Europe, Eastern</subfield>
               <subfield code="x">Finance.</subfield>
            </datafield>
            <datafield tag="650" ind1=" " ind2="0">
               <subfield code="a">Capitalism</subfield>
               <subfield code="z">Europe, Eastern.</subfield>
            </datafield>
            <datafield tag="650" ind1=" " ind2="0">
               <subfield code="a">Investments, Foreign</subfield>
               <subfield code="z">Europe, Eastern.</subfield>
            </datafield>
            <datafield tag="650" ind1=" " ind2="0">
               <subfield code="a">Post-communism</subfield>
               <subfield code="z">Europe, Eastern.</subfield>
            </datafield>
            <datafield tag="650" ind1=" " ind2="7">
               <subfield code="a">POLITICAL SCIENCE</subfield>
               <subfield code="x">Economic Conditions.</subfield>
               <subfield code="2">bisacsh</subfield>
            </datafield>
            <datafield tag="650" ind1=" " ind2="7">
               <subfield code="a">Capitalism.</subfield>
               <subfield code="2">fast</subfield>
               <subfield code="0">(OCoLC)fst00846425</subfield>
            </datafield>
            <datafield tag="650" ind1=" " ind2="7">
               <subfield code="a">Investments, Foreign.</subfield>
               <subfield code="2">fast</subfield>
               <subfield code="0">(OCoLC)fst00978370</subfield>
            </datafield>
            <datafield tag="650" ind1=" " ind2="7">
               <subfield code="a">Post-communism.</subfield>
               <subfield code="2">fast</subfield>
               <subfield code="0">(OCoLC)fst01072730</subfield>
            </datafield>
            <datafield tag="650" ind1=" " ind2="7">
               <subfield code="a">Steel industry and trade</subfield>
               <subfield code="x">Finance.</subfield>
               <subfield code="2">fast</subfield>
               <subfield code="0">(OCoLC)fst01132666</subfield>
            </datafield>
            <datafield tag="651" ind1=" " ind2="7">
               <subfield code="a">Europe, Eastern.</subfield>
               <subfield code="2">fast</subfield>
               <subfield code="0">(OCoLC)fst01245079</subfield>
            </datafield>
            <datafield tag="999" ind1=" " ind2=" ">
               <subfield code="a">HD9525.E852S93 2016</subfield>
               <subfield code="w">LC</subfield>
               <subfield code="c">1</subfield>
               <subfield code="i">000079031073</subfield>
               <subfield code="d">8/22/2016</subfield>
               <subfield code="e">8/22/2016</subfield>
               <subfield code="l">STACKS-EM</subfield>
               <subfield code="m">UP-EMS</subfield>
               <subfield code="r">Y</subfield>
               <subfield code="s">Y</subfield>
               <subfield code="t">BOOK</subfield>
               <subfield code="u">8/9/2016</subfield>
            </datafield>
      </record>
    </metadata>
  </record>