
   <record> 
    <header>
      <identifier>oai:cat.libraries.psu.edu:18158459</identifier> 
      <datestamp>2022-12-16</datestamp>
      <setSpec>BOOK</setSpec> 
    </header>
    <metadata>
      <record xmlns="http://www.loc.gov/MARC21/slim" xsi:schemaLocation="http://www.loc.gov/MARC21/slim http://www.loc.gov/standards/marcxml/schema/MARC21slim.xsd" type="Bibliographic">
         <leader>     nam  22      a 4500</leader>
         <controlfield tag="008">150727t20162016nyua     b    001 0 eng c</controlfield>
            <datafield tag="010" ind1=" " ind2=" ">
               <subfield code="a">  2015026794</subfield>
            </datafield>
            <datafield tag="020" ind1=" " ind2=" ">
               <subfield code="a">9781107098824</subfield>
            </datafield>
            <datafield tag="020" ind1=" " ind2=" ">
               <subfield code="a">1107098823</subfield>
            </datafield>
            <datafield tag="035" ind1=" " ind2=" ">
               <subfield code="a">(OCoLC)915159371</subfield>
            </datafield>
            <datafield tag="050" ind1="0" ind2="0">
               <subfield code="a">QB461</subfield>
               <subfield code="b">.R87 2016</subfield>
            </datafield>
            <datafield tag="082" ind1="0" ind2="0">
               <subfield code="a">523.01</subfield>
               <subfield code="2">23</subfield>
            </datafield>
            <datafield tag="100" ind1="1" ind2=" ">
               <subfield code="a">Russell, C. T.</subfield>
               <subfield code="q">(Christopher T.)</subfield>
               <subfield code="e">author.</subfield>
            </datafield>
            <datafield tag="245" ind1="1" ind2="0">
               <subfield code="a">Space physics /</subfield>
               <subfield code="c">Christopher T. Russell (University of California, Los Angeles), Janet G. Luhmann (University of California, Berkeley), Robert J. Strangeway (University of California, Los Angeles).</subfield>
            </datafield>
            <datafield tag="264" ind1=" " ind2="1">
               <subfield code="a">New York, NY :</subfield>
               <subfield code="b">Cambridge University Press,</subfield>
               <subfield code="c">2016.</subfield>
            </datafield>
            <datafield tag="264" ind1=" " ind2="4">
               <subfield code="c">©2016</subfield>
            </datafield>
            <datafield tag="300" ind1=" " ind2=" ">
               <subfield code="a">xvii, 479 pages :</subfield>
               <subfield code="b">illustrations ;</subfield>
               <subfield code="c">26 cm</subfield>
            </datafield>
            <datafield tag="504" ind1=" " ind2=" ">
               <subfield code="a">Includes bibliographical references (pages 467-475) and index.</subfield>
            </datafield>
            <datafield tag="505" ind1="0" ind2=" ">
               <subfield code="a">Solar terrestrial physics: the evolution of a discipline -- The upper atmosphere and ionosphere -- Physics of magnetized plasmas -- The Sun and its atmosphere -- The solar wind and heliosphere -- Collisionless shocks -- Solar wind interaction with magnetized obstacles -- Plasma interactions with unmagnetized bodies -- Solar wind magnetosphere coupling -- The terrestrial magnetosphere -- The aurora -- Planetary magnetospheres -- Plasma waves.</subfield>
            </datafield>
            <datafield tag="650" ind1=" " ind2="0">
               <subfield code="a">Astrophysics.</subfield>
            </datafield>
            <datafield tag="650" ind1=" " ind2="0">
               <subfield code="a">Solar wind.</subfield>
            </datafield>
            <datafield tag="650" ind1=" " ind2="0">
               <subfield code="a">Space plasmas.</subfield>
            </datafield>
            <datafield tag="650" ind1=" " ind2="0">
               <subfield code="a">Planets.</subfield>
            </datafield>
            <datafield tag="650" ind1=" " ind2="7">
               <subfield code="a">Astrophysics.</subfield>
               <subfield code="2">fast</subfield>
               <subfield code="0">(OCoLC)fst00819797</subfield>
            </datafield>
            <datafield tag="650" ind1=" " ind2="7">
               <subfield code="a">Planets.</subfield>
               <subfield code="2">fast</subfield>
               <subfield code="0">(OCoLC)fst01065127</subfield>
            </datafield>
            <datafield tag="650" ind1=" " ind2="7">
               <subfield code="a">Solar wind.</subfield>
               <subfield code="2">fast</subfield>
               <subfield code="0">(OCoLC)fst01125214</subfield>
            </datafield>
            <datafield tag="650" ind1=" " ind2="7">
               <subfield code="a">Space plasmas.</subfield>
               <subfield code="2">fast</subfield>
               <subfield code="0">(OCoLC)fst01127789</subfield>
            </datafield>
            <datafield tag="651" ind1=" " ind2="0">
               <subfield code="a">Outer space.</subfield>
            </datafield>
            <datafield tag="651" ind1=" " ind2="0">
               <subfield code="a">Sun.</subfield>
            </datafield>
            <datafield tag="651" ind1=" " ind2="7">
               <subfield code="a">Outer space.</subfield>
               <subfield code="2">fast</subfield>
               <subfield code="0">(OCoLC)fst01243437</subfield>
            </datafield>
            <datafield tag="651" ind1=" " ind2="7">
               <subfield code="a">Sun.</subfield>
               <subfield code="2">fast</subfield>
               <subfield code="0">(OCoLC)fst01245970</subfield>
            </datafield>
            <datafield tag="700" ind1="1" ind2=" ">
               <subfield code="a">Luhmann, J. G.,</subfield>
               <subfield code="e">author.</subfield>
            </datafield>
            <datafield tag="700" ind1="1" ind2=" ">
               <subfield code="a">Strangeway, R. J.</subfield>
               <subfield code="q">(Robert J.),</subfield>
               <subfield code="e">author.</subfield>
            </datafield>
            <datafield tag="999" ind1=" " ind2=" ">
               <subfield code="a">QB461.R87 2016</subfield>
               <subfield code="w">LC</subfield>
               <subfield code="c">1</subfield>
               <subfield code="i">000079031127</subfield>
               <subfield code="d">12/2/2019</subfield>
               <subfield code="e">12/2/2019</subfield>
               <subfield code="f">8/25/2016</subfield>
               <subfield code="g">1</subfield>
               <subfield code="k">CHECKEDOUT</subfield>
               <subfield code="l">STACKS-PM</subfield>
               <subfield code="m">UP-PAMS</subfield>
               <subfield code="n">1</subfield>
               <subfield code="r">M</subfield>
               <subfield code="s">Y</subfield>
               <subfield code="t">BOOK</subfield>
               <subfield code="u">8/9/2016</subfield>
            </datafield>
      </record>
    </metadata>
  </record>