
   <record> 
    <header>
      <identifier>oai:cat.libraries.psu.edu:18158461</identifier> 
      <datestamp>2022-12-16</datestamp>
      <setSpec>BOOK</setSpec> 
    </header>
    <metadata>
      <record xmlns="http://www.loc.gov/MARC21/slim" xsi:schemaLocation="http://www.loc.gov/MARC21/slim http://www.loc.gov/standards/marcxml/schema/MARC21slim.xsd" type="Bibliographic">
         <leader>     cam  22      i 4500</leader>
         <controlfield tag="008">150810s2016    stka     bq   001 0 eng d</controlfield>
            <datafield tag="020" ind1=" " ind2=" ">
               <subfield code="a">9780748699193</subfield>
               <subfield code="q">(hardback)</subfield>
            </datafield>
            <datafield tag="020" ind1=" " ind2=" ">
               <subfield code="a">0748699198</subfield>
               <subfield code="q">(hardback)</subfield>
            </datafield>
            <datafield tag="035" ind1=" " ind2=" ">
               <subfield code="a">(OCoLC)917362564</subfield>
            </datafield>
            <datafield tag="050" ind1=" " ind2="4">
               <subfield code="a">PN1995.9.H55</subfield>
               <subfield code="b">P467 2016</subfield>
            </datafield>
            <datafield tag="082" ind1="0" ind2="4">
               <subfield code="a">791</subfield>
            </datafield>
            <datafield tag="100" ind1="1" ind2=" ">
               <subfield code="a">Perriam, Chris,</subfield>
               <subfield code="e">author.</subfield>
            </datafield>
            <datafield tag="245" ind1="1" ind2="0">
               <subfield code="a">French and Spanish queer film :</subfield>
               <subfield code="b">audiences, communities and cultural exchange /</subfield>
               <subfield code="c">Chris Perriam and Darren Waldron.</subfield>
            </datafield>
            <datafield tag="264" ind1=" " ind2="1">
               <subfield code="a">Edinburgh :</subfield>
               <subfield code="b">Edinburgh University Press,</subfield>
               <subfield code="c">[2016]</subfield>
            </datafield>
            <datafield tag="300" ind1=" " ind2=" ">
               <subfield code="a">v, 210 pages :</subfield>
               <subfield code="b">illustrations ;</subfield>
               <subfield code="c">24 cm</subfield>
            </datafield>
            <datafield tag="504" ind1=" " ind2=" ">
               <subfield code="a">Includes filmography (pages 171-176), bibliographical references (pages 177-203), and index.</subfield>
            </datafield>
            <datafield tag="505" ind1="0" ind2=" ">
               <subfield code="a">Cultural crossovers -- LGBTQ film festivals and their audiences -- LGBQ themes and responses -- Trans issues -- Audiences and critics : dialogue and disagreement.</subfield>
            </datafield>
            <datafield tag="520" ind1=" " ind2=" ">
               <subfield code="a">&quot;Advancing the current state of film audience research and of our knowledge of sexuality in transnational contexts, French and Spanish Queer Film analyses how French LGBTQ films are seen in Spain and Spanish ones in France. Studying films from various genres, the book examines their reception across four languages (Spanish, French, Catalan, English) and engages with participants across a range of digital and physical audience locations. With a particular focus on LGBTQ festivals and on issues relating to LGBTQ experience in both countries, the authors consider issues such as ageing, sense of community and isolation, and the representation of issues affecting trans people. Examining films that chronicle the local (in portraying national and subnational identities) while also addressing foreign audiences, the book draws on a wide sample of individual responses through post-screening questionnaires and focus groups, as well as drawing on the work of professional film critics and online commentators.&quot; -- Back cover.</subfield>
            </datafield>
            <datafield tag="650" ind1=" " ind2="0">
               <subfield code="a">Homosexuality and motion pictures</subfield>
               <subfield code="z">France.</subfield>
            </datafield>
            <datafield tag="650" ind1=" " ind2="0">
               <subfield code="a">Homosexuality and motion pictures</subfield>
               <subfield code="z">Spain.</subfield>
            </datafield>
            <datafield tag="650" ind1=" " ind2="0">
               <subfield code="a">Homosexuality in motion pictures.</subfield>
            </datafield>
            <datafield tag="650" ind1=" " ind2="0">
               <subfield code="a">Motion picture audiences</subfield>
               <subfield code="z">France.</subfield>
            </datafield>
            <datafield tag="650" ind1=" " ind2="0">
               <subfield code="a">Motion picture audiences</subfield>
               <subfield code="z">Spain.</subfield>
            </datafield>
            <datafield tag="650" ind1=" " ind2="0">
               <subfield code="a">Sexual minority community</subfield>
               <subfield code="z">France.</subfield>
            </datafield>
            <datafield tag="650" ind1=" " ind2="0">
               <subfield code="a">Sexual minority community</subfield>
               <subfield code="z">Spain.</subfield>
            </datafield>
            <datafield tag="650" ind1=" " ind2="7">
               <subfield code="a">Homosexuality and motion pictures.</subfield>
               <subfield code="2">fast</subfield>
               <subfield code="0">(OCoLC)fst00959820</subfield>
            </datafield>
            <datafield tag="650" ind1=" " ind2="7">
               <subfield code="a">Homosexuality in motion pictures.</subfield>
               <subfield code="2">fast</subfield>
               <subfield code="0">(OCoLC)fst00959829</subfield>
            </datafield>
            <datafield tag="650" ind1=" " ind2="7">
               <subfield code="a">Motion picture audiences.</subfield>
               <subfield code="2">fast</subfield>
               <subfield code="0">(OCoLC)fst01027116</subfield>
            </datafield>
            <datafield tag="650" ind1=" " ind2="7">
               <subfield code="a">Sexual minority community.</subfield>
               <subfield code="2">fast</subfield>
               <subfield code="0">(OCoLC)fst01910176</subfield>
            </datafield>
            <datafield tag="650" ind1=" " ind2="7">
               <subfield code="a">Film.</subfield>
               <subfield code="0">(DE-588)4017102-4</subfield>
               <subfield code="2">gnd</subfield>
            </datafield>
            <datafield tag="650" ind1=" " ind2="7">
               <subfield code="a">Homosexualität.</subfield>
               <subfield code="0">(DE-588)4122204-0</subfield>
               <subfield code="2">gnd</subfield>
            </datafield>
            <datafield tag="650" ind1=" " ind2="7">
               <subfield code="a">Zuschauer.</subfield>
               <subfield code="0">(DE-588)4127324-2</subfield>
               <subfield code="2">gnd</subfield>
            </datafield>
            <datafield tag="650" ind1=" " ind2="7">
               <subfield code="a">Kulturaustausch.</subfield>
               <subfield code="0">(DE-588)4165964-8</subfield>
               <subfield code="2">gnd</subfield>
            </datafield>
            <datafield tag="651" ind1=" " ind2="7">
               <subfield code="a">France.</subfield>
               <subfield code="2">fast</subfield>
               <subfield code="0">(OCoLC)fst01204289</subfield>
            </datafield>
            <datafield tag="651" ind1=" " ind2="7">
               <subfield code="a">Spain.</subfield>
               <subfield code="2">fast</subfield>
               <subfield code="0">(OCoLC)fst01204303</subfield>
            </datafield>
            <datafield tag="651" ind1=" " ind2="7">
               <subfield code="a">Frankreich.</subfield>
               <subfield code="0">(DE-588)4018145-5</subfield>
               <subfield code="2">gnd</subfield>
            </datafield>
            <datafield tag="651" ind1=" " ind2="7">
               <subfield code="a">Spanien.</subfield>
               <subfield code="0">(DE-588)4055964-6</subfield>
               <subfield code="2">gnd</subfield>
            </datafield>
            <datafield tag="700" ind1="1" ind2=" ">
               <subfield code="a">Waldron, Darren,</subfield>
               <subfield code="e">author.</subfield>
            </datafield>
            <datafield tag="999" ind1=" " ind2=" ">
               <subfield code="a">PN1995.9.H55P467 2016</subfield>
               <subfield code="w">LC</subfield>
               <subfield code="c">1</subfield>
               <subfield code="i">000079030281</subfield>
               <subfield code="d">6/8/2021</subfield>
               <subfield code="e">3/1/2021</subfield>
               <subfield code="l">PATTEE-2A</subfield>
               <subfield code="m">UP-PAT</subfield>
               <subfield code="n">1</subfield>
               <subfield code="r">Y</subfield>
               <subfield code="s">Y</subfield>
               <subfield code="t">BOOK</subfield>
               <subfield code="u">8/9/2016</subfield>
            </datafield>
      </record>
    </metadata>
  </record>