
   <record> 
    <header>
      <identifier>oai:cat.libraries.psu.edu:18158462</identifier> 
      <datestamp>2022-12-16</datestamp>
      <setSpec>BOOK</setSpec> 
    </header>
    <metadata>
      <record xmlns="http://www.loc.gov/MARC21/slim" xsi:schemaLocation="http://www.loc.gov/MARC21/slim http://www.loc.gov/standards/marcxml/schema/MARC21slim.xsd" type="Bibliographic">
         <leader>     cam  22      i 4500</leader>
         <controlfield tag="008">160112s2016    ncu      b    001 0 eng c</controlfield>
            <datafield tag="010" ind1=" " ind2=" ">
               <subfield code="a">  2015044900</subfield>
            </datafield>
            <datafield tag="020" ind1=" " ind2=" ">
               <subfield code="a">9780822361497 (hardcover : alk. paper)</subfield>
            </datafield>
            <datafield tag="020" ind1=" " ind2=" ">
               <subfield code="a">0822361493 (hardcover : alk. paper)</subfield>
            </datafield>
            <datafield tag="020" ind1=" " ind2=" ">
               <subfield code="a">9780822361688 (pbk. : alk. paper)</subfield>
            </datafield>
            <datafield tag="020" ind1=" " ind2=" ">
               <subfield code="a">082236168X (pbk. : alk. paper)</subfield>
            </datafield>
            <datafield tag="050" ind1="0" ind2="0">
               <subfield code="a">N6768.5.C63</subfield>
               <subfield code="b">B355 2016</subfield>
            </datafield>
            <datafield tag="082" ind1="0" ind2="0">
               <subfield code="a">700.942</subfield>
               <subfield code="2">23</subfield>
            </datafield>
            <datafield tag="100" ind1="1" ind2=" ">
               <subfield code="a">Bailey, Robert,</subfield>
               <subfield code="d">1983-</subfield>
               <subfield code="e">author.</subfield>
            </datafield>
            <datafield tag="245" ind1="1" ind2="0">
               <subfield code="a">Art &amp; language international :</subfield>
               <subfield code="b">conceptual art between art worlds /</subfield>
               <subfield code="c">Robert Bailey.</subfield>
            </datafield>
            <datafield tag="246" ind1="3" ind2=" ">
               <subfield code="a">Art and language international</subfield>
            </datafield>
            <datafield tag="264" ind1=" " ind2="1">
               <subfield code="a">Durham :</subfield>
               <subfield code="b">Duke University Press,</subfield>
               <subfield code="c">[2016]</subfield>
            </datafield>
            <datafield tag="300" ind1=" " ind2=" ">
               <subfield code="a">xv, 240 pages ;</subfield>
               <subfield code="c">24 cm</subfield>
            </datafield>
            <datafield tag="504" ind1=" " ind2=" ">
               <subfield code="a">Includes bibliographical references (pges 215-230)a and index.</subfield>
            </datafield>
            <datafield tag="505" ind1="0" ind2=" ">
               <subfield code="a">A model of a possible art world -- A research program -- Interplay -- Foxes and hedgehogs -- Keep all your friends.</subfield>
            </datafield>
            <datafield tag="610" ind1="2" ind2="0">
               <subfield code="a">Art &amp; Language (Group)</subfield>
               <subfield code="x">History.</subfield>
            </datafield>
            <datafield tag="610" ind1="2" ind2="7">
               <subfield code="a">Art &amp; Language (Group)</subfield>
               <subfield code="2">fast</subfield>
               <subfield code="0">(OCoLC)fst00617356</subfield>
            </datafield>
            <datafield tag="650" ind1=" " ind2="0">
               <subfield code="a">Conceptual art</subfield>
               <subfield code="z">England</subfield>
               <subfield code="x">History.</subfield>
            </datafield>
            <datafield tag="650" ind1=" " ind2="7">
               <subfield code="a">Conceptual art.</subfield>
               <subfield code="2">fast</subfield>
               <subfield code="0">(OCoLC)fst00872980</subfield>
            </datafield>
            <datafield tag="651" ind1=" " ind2="7">
               <subfield code="a">England.</subfield>
               <subfield code="2">fast</subfield>
               <subfield code="0">(OCoLC)fst01219920</subfield>
            </datafield>
            <datafield tag="655" ind1=" " ind2="7">
               <subfield code="a">History.</subfield>
               <subfield code="2">fast</subfield>
               <subfield code="0">(OCoLC)fst01411628</subfield>
            </datafield>
            <datafield tag="999" ind1=" " ind2=" ">
               <subfield code="a">N6768.5.C63B355 2016</subfield>
               <subfield code="w">LC</subfield>
               <subfield code="c">1</subfield>
               <subfield code="i">000078510234</subfield>
               <subfield code="d">10/10/2016</subfield>
               <subfield code="e">8/23/2016</subfield>
               <subfield code="l">PATTEE-W3</subfield>
               <subfield code="m">UP-PAT</subfield>
               <subfield code="r">Y</subfield>
               <subfield code="s">Y</subfield>
               <subfield code="t">BOOK</subfield>
               <subfield code="u">8/9/2016</subfield>
            </datafield>
      </record>
    </metadata>
  </record>