
   <record> 
    <header>
      <identifier>oai:cat.libraries.psu.edu:18158463</identifier> 
      <datestamp>2022-12-16</datestamp>
      <setSpec>BOOK</setSpec> 
    </header>
    <metadata>
      <record xmlns="http://www.loc.gov/MARC21/slim" xsi:schemaLocation="http://www.loc.gov/MARC21/slim http://www.loc.gov/standards/marcxml/schema/MARC21slim.xsd" type="Bibliographic">
         <leader>     cam  22     Ii 4500</leader>
         <controlfield tag="008">150814t20162016enka     b    001 0 eng  </controlfield>
            <datafield tag="010" ind1=" " ind2=" ">
               <subfield code="a">  2015031471</subfield>
            </datafield>
            <datafield tag="020" ind1=" " ind2=" ">
               <subfield code="a">9781472440105</subfield>
               <subfield code="q">hardcover</subfield>
               <subfield code="q">alkaline paper</subfield>
            </datafield>
            <datafield tag="020" ind1=" " ind2=" ">
               <subfield code="a">1472440102</subfield>
               <subfield code="q">hardcover</subfield>
               <subfield code="q">alkaline paper</subfield>
            </datafield>
            <datafield tag="050" ind1="0" ind2="0">
               <subfield code="a">ND1452.F8</subfield>
               <subfield code="b">P35 2016</subfield>
            </datafield>
            <datafield tag="082" ind1="0" ind2="0">
               <subfield code="a">759.44</subfield>
               <subfield code="2">23</subfield>
            </datafield>
            <datafield tag="245" ind1="0" ind2="0">
               <subfield code="a">Painting and narrative in France, from Poussin to Gauguin /</subfield>
               <subfield code="c">edited by Peter Cooke and Nina Lübbren.</subfield>
            </datafield>
            <datafield tag="264" ind1=" " ind2="1">
               <subfield code="a">Abingdon, Oxon ;</subfield>
               <subfield code="a">New York, NY :</subfield>
               <subfield code="b">Routlege,</subfield>
               <subfield code="c">2016.</subfield>
            </datafield>
            <datafield tag="264" ind1=" " ind2="4">
               <subfield code="c">©2016</subfield>
            </datafield>
            <datafield tag="300" ind1=" " ind2=" ">
               <subfield code="a">xiv, 233 pages ;</subfield>
               <subfield code="c">24 cm</subfield>
            </datafield>
            <datafield tag="504" ind1=" " ind2=" ">
               <subfield code="a">Includes bibliographical references and index.</subfield>
            </datafield>
            <datafield tag="505" ind1="0" ind2=" ">
               <subfield code="a">Machine generated contents note: SECTION I Ancien Regime -- 1.Units of Vision and Narrative Structures: Upon Reading Poussin's Manna / Claudine Mitchell -- 2.Figures of Narration in the Context of a Painted Cycle: The North Bays of the Grande Galerie at Versailles / Marianne Cojannot-Le Blanc -- 3.The Crisis of Narration in Eighteenth-century French History Painting / Susanna Caviglia -- 4.Obscure, Capricious and Bizarre: Neoclassical Painting and the Choice of Subject / Mark Ledbury -- SECTION II Restoration and July Monarchy -- 5.Delacroix and `The Work of the Reader' / Beth S. Wright -- 6.Narrative and History in Leopold Robert's Arrival of the Harvesters in the Pontine Marshes / Richard Wrigley -- 7.Narrative Strategies in Paul Delaroche's Assassination of the Duc de Guise / Patricia Smyth -- SECTION III Second Empire and Third Republic -- 8.Eloquent Objects: Gerome, Laurens and the Art of Inanimate Narration / Nina Lubbren -- 9.Tyrannical Inopportunity: Gustave Moreau's Anti-narrative Strategies / Scott C. Allan -- 10.Theatricality Versus Anti-Theatricality: Narrative Techniques in French History Painting (1850--1900) / Pierre Serie -- 11.The Conflicted Status of Narrative in the Art of Paul Gauguin / Belinda Thomson -- SECTION IV Key Issues of Pictorial Narrative -- 12.Narrativity, Temporality and Allegorisation, from Poussin to Moreau / Peter Cooke -- 13.Towards a Study of Narration in Painting: The Early Modern Period / Etienne Jollet.</subfield>
            </datafield>
            <datafield tag="650" ind1=" " ind2="0">
               <subfield code="a">Narrative painting, French.</subfield>
            </datafield>
            <datafield tag="650" ind1=" " ind2="7">
               <subfield code="a">Narrative painting, French.</subfield>
               <subfield code="2">fast</subfield>
               <subfield code="0">(OCoLC)fst01032967</subfield>
            </datafield>
            <datafield tag="700" ind1="1" ind2=" ">
               <subfield code="a">Cooke, Peter,</subfield>
               <subfield code="d">1962-</subfield>
               <subfield code="e">editor.</subfield>
            </datafield>
            <datafield tag="700" ind1="1" ind2=" ">
               <subfield code="a">Lübbren, Nina,</subfield>
               <subfield code="e">editor.</subfield>
            </datafield>
            <datafield tag="999" ind1=" " ind2=" ">
               <subfield code="a">ND1452.F8P35 2016</subfield>
               <subfield code="w">LC</subfield>
               <subfield code="c">1</subfield>
               <subfield code="i">000079030427</subfield>
               <subfield code="d">11/9/2016</subfield>
               <subfield code="e">8/23/2016</subfield>
               <subfield code="l">PATTEE-2</subfield>
               <subfield code="m">UP-PAT</subfield>
               <subfield code="r">Y</subfield>
               <subfield code="s">Y</subfield>
               <subfield code="t">BOOK</subfield>
               <subfield code="u">8/9/2016</subfield>
            </datafield>
      </record>
    </metadata>
  </record>