
   <record> 
    <header>
      <identifier>oai:cat.libraries.psu.edu:18158464</identifier> 
      <datestamp>2022-12-16</datestamp>
      <setSpec>BOOK</setSpec> 
    </header>
    <metadata>
      <record xmlns="http://www.loc.gov/MARC21/slim" xsi:schemaLocation="http://www.loc.gov/MARC21/slim http://www.loc.gov/standards/marcxml/schema/MARC21slim.xsd" type="Bibliographic">
         <leader>     cam  22      i 4500</leader>
         <controlfield tag="008">150824t20162016ilua     b    001 0 eng d</controlfield>
            <datafield tag="020" ind1=" " ind2=" ">
               <subfield code="a">081269919X</subfield>
            </datafield>
            <datafield tag="020" ind1=" " ind2=" ">
               <subfield code="a">9780812699197</subfield>
            </datafield>
            <datafield tag="050" ind1=" " ind2="4">
               <subfield code="a">PR6066.R34</subfield>
               <subfield code="b">Z57 2016</subfield>
            </datafield>
            <datafield tag="082" ind1="0" ind2="4">
               <subfield code="a">923/.914</subfield>
               <subfield code="2">23</subfield>
            </datafield>
            <datafield tag="245" ind1="0" ind2="0">
               <subfield code="a">Discworld and philosophy :</subfield>
               <subfield code="b">reality is not what it seems /</subfield>
               <subfield code="c">edited by Nicolas Michaud.</subfield>
            </datafield>
            <datafield tag="264" ind1=" " ind2="1">
               <subfield code="a">Chicago :</subfield>
               <subfield code="b">Open Court,</subfield>
               <subfield code="c">[2016]</subfield>
            </datafield>
            <datafield tag="264" ind1=" " ind2="4">
               <subfield code="c">©2016</subfield>
            </datafield>
            <datafield tag="300" ind1=" " ind2=" ">
               <subfield code="a">xii, 316 pages :</subfield>
               <subfield code="b">illustration ;</subfield>
               <subfield code="c">23 cm.</subfield>
            </datafield>
            <datafield tag="490" ind1="1" ind2=" ">
               <subfield code="a">Popular culture and philosophy ;</subfield>
               <subfield code="v">volume 101</subfield>
            </datafield>
            <datafield tag="504" ind1=" " ind2=" ">
               <subfield code="a">Includes bibliographical references (pages 303-305) and index.</subfield>
            </datafield>
            <datafield tag="505" ind1="0" ind2=" ">
               <subfield code="a">Machine generated contents note: I.Rewriting Your Chem -- 1.More Golems around Than You Might Think / Vanessa Frohlich -- 2.Golem Morality in the Modern World / Matthew Skene -- 3.We Willna Be Fooled Again! Wee Free Anarchists! / Michael Kugler -- 4.The Liberating Power of Nanny Ogg's Bouncing Bosom / Vanessa Frohlich -- 5.The Truth Shall Make Ye Fret / Jamie Carlin Watson -- II.Truth, Logic, and Law Are Nice, but Someone Still Has to Do the Wash -- 6.The Absurdity of the Luggage / Brandon Kempner -- 7.Pratchett's Republic / Brandon Kempner -- 8.Honesty Trumps Cleverness: Sam Vimes and Commonsense Philosophy / Matthew Skene -- 9.Why Would You Put a Con Artist in Charge of the Money? / Don Fallis -- 10.Lord Vetinari's Friendly Guide to Tyranny / Daniel Malloy -- III.Some Things are Necessary, Not Personal -- 11.Can a Leopard Change Its Shorts? / Daniel Malloy -- 12.Becoming Vetinari: Personal Identity on the Discworld / Jeremy Pierce -- 13.How to Be a Dwarf / Daniel Malloy -- 14.Being One's Me: (Witchy) Personal Identity on the Discworld / Trip McCrossin -- IV.Ye Carina' Ken What Ye Carina' Ken -- 15.The Serious Monk's Guide to Re-writing History / John V. Karavitis -- 16.Getting at the Truth / Douglas Jordan -- 17.Sin, My Young Man, Is When You Treat People as Things / Kamil Karas -- V.Probably Quantum -- 18.Fate on the Discworld and Roundworld / Jeremy Pierce -- 19.The Alchemy of Flat Worlds / Christopher Ketcham -- 20.The Intersection of Science and Philosophy, the Seediest Corner in Ankh-Morpork / Daniel Miori -- 21.Welcome to My World / Christopher Ketcham -- 22.Cocking a Snook at Death, and Getting Away with It: Does the Personification of Death Make It Less Scary? / Daniel Miori -- 23.I'd Rather Stay an Orangutan Because That's Why Discworld Exists / Nicolas Michaud.</subfield>
            </datafield>
            <datafield tag="600" ind1="1" ind2="0">
               <subfield code="a">Pratchett, Terry</subfield>
               <subfield code="x">Criticism and interpretation.</subfield>
            </datafield>
            <datafield tag="600" ind1="1" ind2="0">
               <subfield code="a">Pratchett, Terry.</subfield>
               <subfield code="t">Discworld series.</subfield>
            </datafield>
            <datafield tag="650" ind1=" " ind2="0">
               <subfield code="a">Discworld (Imaginary place)</subfield>
            </datafield>
            <datafield tag="650" ind1=" " ind2="0">
               <subfield code="a">Philosophy in literature.</subfield>
            </datafield>
            <datafield tag="700" ind1="1" ind2=" ">
               <subfield code="a">Michaud, Nicolas.</subfield>
            </datafield>
            <datafield tag="830" ind1=" " ind2="0">
               <subfield code="a">Popular culture and philosophy ;</subfield>
               <subfield code="v">v. 101.</subfield>
            </datafield>
            <datafield tag="999" ind1=" " ind2=" ">
               <subfield code="a">PR6066.R34Z57 2016</subfield>
               <subfield code="w">LC</subfield>
               <subfield code="c">1</subfield>
               <subfield code="i">000078510258</subfield>
               <subfield code="d">5/9/2022</subfield>
               <subfield code="e">8/25/2016</subfield>
               <subfield code="l">PATTEE-3</subfield>
               <subfield code="m">UP-PAT</subfield>
               <subfield code="q">1</subfield>
               <subfield code="r">Y</subfield>
               <subfield code="s">Y</subfield>
               <subfield code="t">BOOK</subfield>
               <subfield code="u">8/9/2016</subfield>
            </datafield>
      </record>
    </metadata>
  </record>