
   <record> 
    <header>
      <identifier>oai:cat.libraries.psu.edu:18158465</identifier> 
      <datestamp>2022-12-16</datestamp>
      <setSpec>BOOK</setSpec> 
    </header>
    <metadata>
      <record xmlns="http://www.loc.gov/MARC21/slim" xsi:schemaLocation="http://www.loc.gov/MARC21/slim http://www.loc.gov/standards/marcxml/schema/MARC21slim.xsd" type="Bibliographic">
         <leader>     cam  22      i 4500</leader>
         <controlfield tag="008">151009t20162016enka     b    001 0 eng  </controlfield>
            <datafield tag="010" ind1=" " ind2=" ">
               <subfield code="a">  2015039734</subfield>
            </datafield>
            <datafield tag="020" ind1=" " ind2=" ">
               <subfield code="a">9781138822580</subfield>
               <subfield code="q">hardcover</subfield>
            </datafield>
            <datafield tag="020" ind1=" " ind2=" ">
               <subfield code="a">1138822582</subfield>
               <subfield code="q">hardcover</subfield>
            </datafield>
            <datafield tag="020" ind1=" " ind2=" ">
               <subfield code="a">9781138822597</subfield>
               <subfield code="q">paperback</subfield>
            </datafield>
            <datafield tag="020" ind1=" " ind2=" ">
               <subfield code="a">1138822590</subfield>
               <subfield code="q">paperback</subfield>
            </datafield>
            <datafield tag="050" ind1="0" ind2="0">
               <subfield code="a">PS3564.O795</subfield>
               <subfield code="b">Z57 2016</subfield>
            </datafield>
            <datafield tag="082" ind1="0" ind2="0">
               <subfield code="a">812/.54</subfield>
               <subfield code="2">23</subfield>
            </datafield>
            <datafield tag="245" ind1="0" ind2="2">
               <subfield code="a">A critical companion to Lynn Nottage /</subfield>
               <subfield code="c">edited by Jocelyn L. Buckner.</subfield>
            </datafield>
            <datafield tag="264" ind1=" " ind2="1">
               <subfield code="a">Milton Park, Abingdon, Oxon ;</subfield>
               <subfield code="a">New York, NY :</subfield>
               <subfield code="b">Routledge,</subfield>
               <subfield code="c">2016.</subfield>
            </datafield>
            <datafield tag="264" ind1=" " ind2="4">
               <subfield code="c">©2016</subfield>
            </datafield>
            <datafield tag="300" ind1=" " ind2=" ">
               <subfield code="a">x, 214 pages :</subfield>
               <subfield code="b">illustrations ;</subfield>
               <subfield code="c">22 cm</subfield>
            </datafield>
            <datafield tag="504" ind1=" " ind2=" ">
               <subfield code="a">Includes bibliographical references and index.</subfield>
            </datafield>
            <datafield tag="505" ind1="0" ind2=" ">
               <subfield code="a">Machine generated contents note: 1.On the table: Crumbs of freedom and fugitivity -- a twenty-first century (re)reading of Crumbs from the Table of Joy / Jaye Austin Williams -- 2.Guess who's coming to dinner: Choral performance in Mud, River, Stone / Jennifer L. Hayes -- 3.Diasporic desires in Las Meninas / Jocelyn L. Buckner -- 4.Intimate spaces/public places: Locating sites of migration, connection, and identity in Intimate Apparel / Adrienne Macki Braconi -- 5.&quot;It's all about a rabbit, or it ain't&quot;: The folkloric significations of Lynn Nottage / Faedra Chatard Carpenter -- 6.Vera Stark at the crossroads of history / Harvey Young -- Special section: Ruined -- 7.Melodrama, sensation, and activism in Ruined / Jennifer-Scott Mobley -- 8.Renegotiating realism: Hybridity of form and political potentiality in Ruined / Jeff Paden -- 9.Land rights and womb rights: Forging difficult diasporic kinships in Ruined / Esther J. Terry -- 10.On creativity and collaboration: A conversation with Lynn Nottage, Seret Scott, and Kate Whoriskey / Jocelyn L. Buckner.</subfield>
            </datafield>
            <datafield tag="600" ind1="1" ind2="0">
               <subfield code="a">Nottage, Lynn</subfield>
               <subfield code="x">Criticism and interpretation.</subfield>
            </datafield>
            <datafield tag="600" ind1="1" ind2="7">
               <subfield code="a">Nottage, Lynn.</subfield>
               <subfield code="2">fast</subfield>
               <subfield code="0">(OCoLC)fst01542571</subfield>
            </datafield>
            <datafield tag="600" ind1="1" ind2="7">
               <subfield code="a">Nottage, Lynn,</subfield>
               <subfield code="d">1964-</subfield>
               <subfield code="0">(DE-588)135998786</subfield>
               <subfield code="2">gnd</subfield>
            </datafield>
            <datafield tag="655" ind1=" " ind2="7">
               <subfield code="a">Criticism, interpretation, etc.</subfield>
               <subfield code="2">fast</subfield>
               <subfield code="0">(OCoLC)fst01411635</subfield>
            </datafield>
            <datafield tag="700" ind1="1" ind2=" ">
               <subfield code="a">Buckner, Jocelyn L.,</subfield>
               <subfield code="e">editor.</subfield>
            </datafield>
            <datafield tag="999" ind1=" " ind2=" ">
               <subfield code="a">PS3564.O795Z57 2016</subfield>
               <subfield code="w">LC</subfield>
               <subfield code="c">1</subfield>
               <subfield code="i">000078510098</subfield>
               <subfield code="d">11/16/2017</subfield>
               <subfield code="e">8/7/2017</subfield>
               <subfield code="l">PATTEE-3</subfield>
               <subfield code="m">UP-PAT</subfield>
               <subfield code="n">2</subfield>
               <subfield code="r">Y</subfield>
               <subfield code="s">Y</subfield>
               <subfield code="t">BOOK</subfield>
               <subfield code="u">8/9/2016</subfield>
            </datafield>
      </record>
    </metadata>
  </record>