
   <record> 
    <header>
      <identifier>oai:cat.libraries.psu.edu:18158466</identifier> 
      <datestamp>2022-12-16</datestamp>
      <setSpec>BOOK</setSpec> 
    </header>
    <metadata>
      <record xmlns="http://www.loc.gov/MARC21/slim" xsi:schemaLocation="http://www.loc.gov/MARC21/slim http://www.loc.gov/standards/marcxml/schema/MARC21slim.xsd" type="Bibliographic">
         <leader>     cam  22     Mi 4500</leader>
         <controlfield tag="008">160208t20162016nyua     b    001 0 eng  </controlfield>
            <datafield tag="010" ind1=" " ind2=" ">
               <subfield code="a">  2016004726</subfield>
            </datafield>
            <datafield tag="020" ind1=" " ind2=" ">
               <subfield code="a">9781138937154</subfield>
               <subfield code="q">hardcover</subfield>
               <subfield code="q">alkaline paper</subfield>
            </datafield>
            <datafield tag="020" ind1=" " ind2=" ">
               <subfield code="a">1138937150</subfield>
               <subfield code="q">hardcover</subfield>
               <subfield code="q">alkaline paper</subfield>
            </datafield>
            <datafield tag="035" ind1=" " ind2=" ">
               <subfield code="a">(OCoLC)988837882</subfield>
            </datafield>
            <datafield tag="050" ind1="0" ind2="0">
               <subfield code="a">P96.R3152</subfield>
               <subfield code="b">U557 2016</subfield>
            </datafield>
            <datafield tag="082" ind1="0" ind2="0">
               <subfield code="a">305.8</subfield>
               <subfield code="2">23</subfield>
            </datafield>
            <datafield tag="245" ind1="0" ind2="0">
               <subfield code="a">Race and contention in twenty-first century U.S. media /</subfield>
               <subfield code="c">edited by Jason A. Smith and Bhoomi K. Thakore.</subfield>
            </datafield>
            <datafield tag="264" ind1=" " ind2="1">
               <subfield code="a">New York, NY :</subfield>
               <subfield code="b">Routledge,</subfield>
               <subfield code="c">2016.</subfield>
            </datafield>
            <datafield tag="264" ind1=" " ind2="4">
               <subfield code="c">©2016</subfield>
            </datafield>
            <datafield tag="300" ind1=" " ind2=" ">
               <subfield code="a">vi, 240 pages :</subfield>
               <subfield code="b">illustrations ;</subfield>
               <subfield code="c">24 cm.</subfield>
            </datafield>
            <datafield tag="490" ind1="1" ind2=" ">
               <subfield code="a">Routledge transformations in race and media ;</subfield>
               <subfield code="v">6</subfield>
            </datafield>
            <datafield tag="504" ind1=" " ind2=" ">
               <subfield code="a">Includes bibliographical references and index.</subfield>
            </datafield>
            <datafield tag="505" ind1="0" ind2=" ">
               <subfield code="a">Introduction: the contours of race and media / Jason A. Smith and Bhoomi K. Thakore -- Structures and contention. Failure to communicate: the critical information needs debate / Randy D. Abreu -- Courting minority commodity audiences: bounce TV in the age of media conglomeration / Leah P. Hunter and Jennifer M. Proffitt -- New media &amp; new possibilities: the online engagement of young black activists / Nathan Jamel Riemer -- Navigating contention behind the scenes. Black, Asian, and Latino directors in Hollywood / Maryann Erigha -- Is Carlos Mencia a white wetback?: mediating the (e)racing of U.S. Central Americans in the Latino imaginary / Maritza Cárdenas -- Sofía Vergara: on media representations of Latinidad / Salvador Vidal-Ortiz -- Color-blind racism in media: Mindy Kaling as an &quot;honorary white?&quot; / Sheena Sood -- Visual representations of contention. Drifting for whiteness: Hollywood representations of Asian Americans in the 21st century / John D. Foster -- Consuming black pain: reading racial ideology in cultural appetite for 12 years a slave / Jennifer C. Mueller and Rula Issa -- Racial ideology in electronic dance music festival promotional videos / David l. Brunsma, Nathaniel G. Chapman, and J. Slade Lellock -- Perpetuating contentious ideologies. The rise of the racial reviewer, 1990-2004 / Bianca Gonzalez-Sobrino, Devon R. Goss, and Matthew W. Hughey -- Successful immigrants in the news: racialization, color-blind racism, and the American Dream / Jorge X. Ballinas -- Black studies in prime time: racial expertise and the framing of cultural authority / Seneca Vaught -- The good, the bad, and the ugly Muslim: media representations of &quot;Islamic punk&quot; through a postcolonial lens / Saif Shahin -- Conclusion looking ahead / Bhoomi K. Thakore and Jason A. Smith.</subfield>
            </datafield>
            <datafield tag="650" ind1=" " ind2="0">
               <subfield code="a">Race in mass media.</subfield>
               <subfield code="0">http://id.loc.gov/authorities/subjects/sh2015002435</subfield>
            </datafield>
            <datafield tag="650" ind1=" " ind2="0">
               <subfield code="a">Minorities in mass media.</subfield>
               <subfield code="0">http://id.loc.gov/authorities/subjects/sh00004198</subfield>
            </datafield>
            <datafield tag="650" ind1=" " ind2="0">
               <subfield code="a">Social problems in mass media.</subfield>
               <subfield code="0">http://id.loc.gov/authorities/subjects/sh95001718</subfield>
            </datafield>
            <datafield tag="650" ind1=" " ind2="0">
               <subfield code="a">Mass media</subfield>
               <subfield code="z">United States</subfield>
               <subfield code="x">History</subfield>
               <subfield code="y">21st century.</subfield>
            </datafield>
            <datafield tag="650" ind1=" " ind2="0">
               <subfield code="a">Mass media and minorities</subfield>
               <subfield code="z">United States.</subfield>
               <subfield code="0">http://id.loc.gov/authorities/subjects/sh85081885</subfield>
            </datafield>
            <datafield tag="650" ind1=" " ind2="7">
               <subfield code="a">Mass media.</subfield>
               <subfield code="2">fast</subfield>
               <subfield code="0">(OCoLC)fst01011219</subfield>
            </datafield>
            <datafield tag="650" ind1=" " ind2="7">
               <subfield code="a">Mass media and minorities.</subfield>
               <subfield code="2">fast</subfield>
               <subfield code="0">(OCoLC)fst01011355</subfield>
            </datafield>
            <datafield tag="650" ind1=" " ind2="7">
               <subfield code="a">Minorities in mass media.</subfield>
               <subfield code="2">fast</subfield>
               <subfield code="0">(OCoLC)fst01023276</subfield>
            </datafield>
            <datafield tag="650" ind1=" " ind2="7">
               <subfield code="a">Race in mass media.</subfield>
               <subfield code="2">fast</subfield>
               <subfield code="0">(OCoLC)fst01930803</subfield>
            </datafield>
            <datafield tag="650" ind1=" " ind2="7">
               <subfield code="a">Social problems in mass media.</subfield>
               <subfield code="2">fast</subfield>
               <subfield code="0">(OCoLC)fst01122807</subfield>
            </datafield>
            <datafield tag="650" ind1=" " ind2="7">
               <subfield code="a">Mass media</subfield>
               <subfield code="z">United States</subfield>
               <subfield code="x">History</subfield>
               <subfield code="y">21st century.</subfield>
               <subfield code="2">idszbzes</subfield>
            </datafield>
            <datafield tag="650" ind1=" " ind2="7">
               <subfield code="a">Race in mass media.</subfield>
               <subfield code="2">idszbzes</subfield>
            </datafield>
            <datafield tag="650" ind1=" " ind2="7">
               <subfield code="a">Minorities in mass media.</subfield>
               <subfield code="2">idszbzes</subfield>
            </datafield>
            <datafield tag="650" ind1=" " ind2="7">
               <subfield code="a">Massenmedien.</subfield>
               <subfield code="2">gnd</subfield>
            </datafield>
            <datafield tag="650" ind1=" " ind2="7">
               <subfield code="a">Ethnische Beziehungen.</subfield>
               <subfield code="2">gnd</subfield>
            </datafield>
            <datafield tag="650" ind1=" " ind2="4">
               <subfield code="a">Elmhurst College. Faculty.</subfield>
            </datafield>
            <datafield tag="651" ind1=" " ind2="7">
               <subfield code="a">United States.</subfield>
               <subfield code="2">fast</subfield>
               <subfield code="0">(OCoLC)fst01204155</subfield>
            </datafield>
            <datafield tag="651" ind1=" " ind2="7">
               <subfield code="a">USA.</subfield>
               <subfield code="2">gnd</subfield>
            </datafield>
            <datafield tag="655" ind1=" " ind2="7">
               <subfield code="a">History.</subfield>
               <subfield code="2">fast</subfield>
               <subfield code="0">(OCoLC)fst01411628</subfield>
            </datafield>
            <datafield tag="700" ind1="1" ind2=" ">
               <subfield code="a">Smith, Jason A.,</subfield>
               <subfield code="d">1984-</subfield>
               <subfield code="e">editor.</subfield>
               <subfield code="0">http://id.loc.gov/authorities/names/n2016006719</subfield>
            </datafield>
            <datafield tag="700" ind1="1" ind2=" ">
               <subfield code="a">Thakore, Bhoomi K.,</subfield>
               <subfield code="d">1982-</subfield>
               <subfield code="e">editor.</subfield>
               <subfield code="0">http://id.loc.gov/authorities/names/n2016006718</subfield>
            </datafield>
            <datafield tag="830" ind1=" " ind2="0">
               <subfield code="a">Routledge transformations in race and media ;</subfield>
               <subfield code="v">6.</subfield>
               <subfield code="0">http://id.loc.gov/authorities/names/no2014075806</subfield>
            </datafield>
            <datafield tag="999" ind1=" " ind2=" ">
               <subfield code="a">P96.R3152U557 2016</subfield>
               <subfield code="w">LC</subfield>
               <subfield code="c">1</subfield>
               <subfield code="i">000079030038</subfield>
               <subfield code="d">2/11/2020</subfield>
               <subfield code="e">5/17/2017</subfield>
               <subfield code="l">PATTEE-2</subfield>
               <subfield code="m">UP-PAT</subfield>
               <subfield code="q">1</subfield>
               <subfield code="r">Y</subfield>
               <subfield code="s">Y</subfield>
               <subfield code="t">BOOK</subfield>
               <subfield code="u">8/9/2016</subfield>
            </datafield>
      </record>
    </metadata>
  </record>