
   <record> 
    <header>
      <identifier>oai:cat.libraries.psu.edu:18158467</identifier> 
      <datestamp>2022-12-16</datestamp>
      <setSpec>BOOK</setSpec> 
    </header>
    <metadata>
      <record xmlns="http://www.loc.gov/MARC21/slim" xsi:schemaLocation="http://www.loc.gov/MARC21/slim http://www.loc.gov/standards/marcxml/schema/MARC21slim.xsd" type="Bibliographic">
         <leader>     cam  22      i 4500</leader>
         <controlfield tag="008">150421s2015    enk           000 d eng d</controlfield>
            <datafield tag="020" ind1=" " ind2=" ">
               <subfield code="a">9781848424845</subfield>
               <subfield code="q">(pbk.)</subfield>
            </datafield>
            <datafield tag="020" ind1=" " ind2=" ">
               <subfield code="a">1848424841</subfield>
               <subfield code="q">(pbk.)</subfield>
            </datafield>
            <datafield tag="035" ind1=" " ind2=" ">
               <subfield code="a">(OCoLC)919895391</subfield>
            </datafield>
            <datafield tag="050" ind1=" " ind2="4">
               <subfield code="a">PR6104.O94918</subfield>
               <subfield code="b">D4 2015</subfield>
            </datafield>
            <datafield tag="082" ind1="0" ind2="4">
               <subfield code="a">822.92</subfield>
               <subfield code="2">23</subfield>
            </datafield>
            <datafield tag="100" ind1="1" ind2=" ">
               <subfield code="a">Doyle, Fiona,</subfield>
               <subfield code="d">1966-</subfield>
               <subfield code="e">author.</subfield>
            </datafield>
            <datafield tag="245" ind1="1" ind2="0">
               <subfield code="a">Deluge /</subfield>
               <subfield code="c">Fiona Doyle.</subfield>
            </datafield>
            <datafield tag="264" ind1=" " ind2="1">
               <subfield code="a">London :</subfield>
               <subfield code="b">Nick Hern Books,</subfield>
               <subfield code="c">2015.</subfield>
            </datafield>
            <datafield tag="300" ind1=" " ind2=" ">
               <subfield code="a">56 pages ;</subfield>
               <subfield code="c">20 cm.</subfield>
            </datafield>
            <datafield tag="490" ind1="0" ind2=" ">
               <subfield code="a">NHB modern plays</subfield>
            </datafield>
            <datafield tag="650" ind1=" " ind2="7">
               <subfield code="a">Rural conditions.</subfield>
               <subfield code="2">fast</subfield>
               <subfield code="0">(OCoLC)fst01101474</subfield>
            </datafield>
            <datafield tag="651" ind1=" " ind2="0">
               <subfield code="a">Ireland</subfield>
               <subfield code="x">Rural conditions</subfield>
               <subfield code="v">Drama.</subfield>
            </datafield>
            <datafield tag="651" ind1=" " ind2="7">
               <subfield code="a">Ireland.</subfield>
               <subfield code="2">fast</subfield>
               <subfield code="0">(OCoLC)fst01205427</subfield>
            </datafield>
            <datafield tag="655" ind1=" " ind2="7">
               <subfield code="a">Drama.</subfield>
               <subfield code="2">fast</subfield>
               <subfield code="0">(OCoLC)fst01423879</subfield>
            </datafield>
            <datafield tag="999" ind1=" " ind2=" ">
               <subfield code="a">PR6104.O94918D4 2015</subfield>
               <subfield code="w">LC</subfield>
               <subfield code="c">1</subfield>
               <subfield code="i">000078510081</subfield>
               <subfield code="d">7/14/2017</subfield>
               <subfield code="e">6/8/2017</subfield>
               <subfield code="l">PATTEE-3</subfield>
               <subfield code="m">UP-PAT</subfield>
               <subfield code="r">Y</subfield>
               <subfield code="s">Y</subfield>
               <subfield code="t">BOOK</subfield>
               <subfield code="u">8/9/2016</subfield>
            </datafield>
      </record>
    </metadata>
  </record>