
   <record> 
    <header>
      <identifier>oai:cat.libraries.psu.edu:18158470</identifier> 
      <datestamp>2022-12-16</datestamp>
      <setSpec>BOOK</setSpec> 
    </header>
    <metadata>
      <record xmlns="http://www.loc.gov/MARC21/slim" xsi:schemaLocation="http://www.loc.gov/MARC21/slim http://www.loc.gov/standards/marcxml/schema/MARC21slim.xsd" type="Bibliographic">
         <leader>     cam  22      i 4500</leader>
         <controlfield tag="008">150824s2016    enk      b    001 0 eng  </controlfield>
            <datafield tag="010" ind1=" " ind2=" ">
               <subfield code="a">  2015027686</subfield>
            </datafield>
            <datafield tag="020" ind1=" " ind2=" ">
               <subfield code="a">9781472475244</subfield>
               <subfield code="q">(hardcover</subfield>
               <subfield code="q">alkaline paper)</subfield>
            </datafield>
            <datafield tag="020" ind1=" " ind2=" ">
               <subfield code="a">1472475240</subfield>
               <subfield code="q">(hardcover</subfield>
               <subfield code="q">alkaline paper)</subfield>
            </datafield>
            <datafield tag="035" ind1=" " ind2=" ">
               <subfield code="a">(OCoLC)920672170</subfield>
            </datafield>
            <datafield tag="050" ind1="0" ind2="0">
               <subfield code="a">PN49</subfield>
               <subfield code="b">.J387 2016</subfield>
            </datafield>
            <datafield tag="082" ind1="0" ind2="0">
               <subfield code="a">809/.93382</subfield>
               <subfield code="2">23</subfield>
            </datafield>
            <datafield tag="100" ind1="1" ind2=" ">
               <subfield code="a">Jasper, David</subfield>
               <subfield code="e">author.</subfield>
            </datafield>
            <datafield tag="245" ind1="1" ind2="0">
               <subfield code="a">Literature and theology as a grammar of assent /</subfield>
               <subfield code="c">David Jasper.</subfield>
            </datafield>
            <datafield tag="264" ind1=" " ind2="1">
               <subfield code="a">Farnham, Surrey :</subfield>
               <subfield code="b">Ashgate Publishing Limited,</subfield>
               <subfield code="c">[2016]</subfield>
            </datafield>
            <datafield tag="300" ind1=" " ind2=" ">
               <subfield code="a">viii, 262 pages ;</subfield>
               <subfield code="c">24 cm</subfield>
            </datafield>
            <datafield tag="504" ind1=" " ind2=" ">
               <subfield code="a">Includes bibliographical references and index.</subfield>
            </datafield>
            <datafield tag="505" ind1="0" ind2=" ">
               <subfield code="a">The Durham conferences -- Humanism and belief in literature: seeking a grammar of assent -- A habit of mind: John Coulson and John Henry Newman -- Making the world bearable: Ulrich Simon -- Choosing commitment: Martin Jarrett-Kerr -- Finding otherness: Werner Jeanrond -- B. the loss of and the return to theology -- A tone born out of a world of ruins: Robert Detweiler -- Returning to theology: Nijmegen, 2000 -- Seeking forgiveness and retrieving a theological sense of being human: Leuven, 2014 -- Themes and the wider world -- Poetry. the poetry of the Oxford movement -- Sacrament. the eucharistic body -- Bible. the Bible as literature; Parergon -- Europe and Australia: new worlds -- Europe and China: old worlds meet -- Conclusions -- Becoming innocent again: looking back -- Conclusion: Prospero's books.</subfield>
            </datafield>
            <datafield tag="650" ind1=" " ind2="0">
               <subfield code="a">Religion and literature.</subfield>
            </datafield>
            <datafield tag="650" ind1=" " ind2="7">
               <subfield code="a">Religion and literature.</subfield>
               <subfield code="2">fast</subfield>
               <subfield code="0">(OCoLC)fst01093839</subfield>
            </datafield>
            <datafield tag="999" ind1=" " ind2=" ">
               <subfield code="a">PN49.J387 2016</subfield>
               <subfield code="w">LC</subfield>
               <subfield code="c">1</subfield>
               <subfield code="i">000078510180</subfield>
               <subfield code="d">8/24/2021</subfield>
               <subfield code="e">8/23/2016</subfield>
               <subfield code="l">PATTEE-2A</subfield>
               <subfield code="m">UP-PAT</subfield>
               <subfield code="q">2</subfield>
               <subfield code="r">Y</subfield>
               <subfield code="s">Y</subfield>
               <subfield code="t">BOOK</subfield>
               <subfield code="u">8/9/2016</subfield>
            </datafield>
      </record>
    </metadata>
  </record>