
   <record> 
    <header>
      <identifier>oai:cat.libraries.psu.edu:18158471</identifier> 
      <datestamp>2022-12-16</datestamp>
      <setSpec>BOOK</setSpec> 
    </header>
    <metadata>
      <record xmlns="http://www.loc.gov/MARC21/slim" xsi:schemaLocation="http://www.loc.gov/MARC21/slim http://www.loc.gov/standards/marcxml/schema/MARC21slim.xsd" type="Bibliographic">
         <leader>     cam  22      i 4500</leader>
         <controlfield tag="008">150831t20162016nyuabe   b    101 0 eng  </controlfield>
            <datafield tag="010" ind1=" " ind2=" ">
               <subfield code="a">  2015013508</subfield>
            </datafield>
            <datafield tag="020" ind1=" " ind2=" ">
               <subfield code="a">9781438459950</subfield>
               <subfield code="q">(hardcover)</subfield>
            </datafield>
            <datafield tag="020" ind1=" " ind2=" ">
               <subfield code="a">1438459955</subfield>
               <subfield code="q">(hardcover)</subfield>
            </datafield>
            <datafield tag="050" ind1="0" ind2="0">
               <subfield code="a">BL570</subfield>
               <subfield code="b">.D58 2016</subfield>
            </datafield>
            <datafield tag="082" ind1="0" ind2="0">
               <subfield code="a">203/.40936</subfield>
               <subfield code="2">23</subfield>
            </datafield>
            <datafield tag="245" ind1="0" ind2="0">
               <subfield code="a">Diversity of sacrifice :</subfield>
               <subfield code="b">form and function of sacrificial practices in the ancient world and beyond /</subfield>
               <subfield code="c">edited by Carrie Ann Murray.</subfield>
            </datafield>
            <datafield tag="264" ind1=" " ind2="1">
               <subfield code="a">Albany :</subfield>
               <subfield code="b">State University of New York Press,</subfield>
               <subfield code="c">[2016]</subfield>
            </datafield>
            <datafield tag="264" ind1=" " ind2="4">
               <subfield code="c">©2016</subfield>
            </datafield>
            <datafield tag="300" ind1=" " ind2=" ">
               <subfield code="a">xiii, 276 pages :</subfield>
               <subfield code="b">illustrations, maps, plans ;</subfield>
               <subfield code="c">27 cm.</subfield>
            </datafield>
            <datafield tag="490" ind1="1" ind2=" ">
               <subfield code="a">IEMA proceedings ;</subfield>
               <subfield code="v">volume 5</subfield>
            </datafield>
            <datafield tag="490" ind1="1" ind2=" ">
               <subfield code="a">The Institute for European and Mediterranean Archaeology distinguished monograph series</subfield>
            </datafield>
            <datafield tag="500" ind1=" " ind2=" ">
               <subfield code="a">Papers from a conference held at the annual symposium for the Institute for European and Mediterranean Archaeology (IEMA) at the University at Buffalo, SUNY, in 2011.</subfield>
            </datafield>
            <datafield tag="504" ind1=" " ind2=" ">
               <subfield code="a">Includes bibliographical references and index.</subfield>
            </datafield>
            <datafield tag="505" ind1="0" ind2=" ">
               <subfield code="a">The Value and Power of Sacrifice / Carrie Ann Murray -- Part I. Defining and Redefining the Boundaries of Sacrifice. Anthropology and Sacrifice / Phillips Stevens, Jr. ; A View from a Fen: On the Concept of Sacrifice and the Possibility of Understanding Neolithic Wetland Depositions / Åsa Berggren ;Gifts from the Gods: A New Look at Some Weapons and Vessels from the Metal Ages / Christoph Huth ; Post-Domestic Sacrifice: Exploring the Present and Future of Gifts for the Gods / Samantha Hurn -- Part II. Sacrifice Across the Mediterranean World. Every Good and Pure Thing: Sacrifice in the Ancient Egyptian Context / Mary-Ann Pouls Wegner ; The Mythology of Carthaginian Child Sacrifice: A Physical Anthropological Perspective / Jeffrey H. Schwartz ; The Art of Ancient Greek Sacrifice: Spectacle, Gaze, Performance / Tyler Jo Smith ; Etruscan Human Sacrifice: The Case of Tarquinia / Nancy T. de Grummond -- Part III. Exploring Exceptional Cases of Sacrifice. Human Sacrifice as &quot;Crisis Management&quot;? The Case of the Early Neolithic Site of Herxheim, Palatinate, Germany / Andrea Zeeb-Lanz, Rose-Marie Arbogast, Silja Bauer, Bruno Boulestin, Anne-Sophie Coupey, Anthony Denaire, Fabian Haack, Christian Jeunesse, Dirk Schimmelpfennig, Rouven Turck ; Dog Sacrifice at the Protohistoric Site of Mas Castellar (Pontós, Spain) / Enriqueta Pons, Lídia Colominas, Maria Saña ; Understanding the Death and Burial of Northern European Bog Bodies / Guinevere Granite -- Part IV. Formularizing and Regularizing Sacrifice. Sacrificing the Sign: The Alphabet as an Offering in Ancient Israel, or A Classicist's Read on the Ritual Law of the Sotah / Roger Woodard ; Ancient Greek Laws on Sacrifice / Michael Gagarin ; In What Way Is Christ's Death a Sacrifice? Theories of Sacrifice and Theologies of the Cross / S. Mark Heim.</subfield>
            </datafield>
            <datafield tag="520" ind1="2" ind2=" ">
               <subfield code="a">&quot;Explores sacrificial practices across a range of contexts from prehistory to the present. The term 'sacrifice' belies what is a complex and varied transhistorical and transcultural phenomenon. Bringing together scholars from such diverse fields as anthropology, archaeology, epigraphy, literature, and theology, Diversity of Sacrifice explores sacrificial practices across a range of contexts from prehistory to the present. Incorporating theory, material culture, and textual evidence, the volume seeks to consider new and divergent data related to contexts of sacrifice that can help broaden our field of vision while raising new questions. The essays contributed here move beyond reductive and simple explanations to explore complex areas of social interaction. Sacrifice plays a key role in the overlapping sacred and secular spheres for a number of societies in the past and present. How religious beliefs and practices can be integral parts of life on individual and community levels is of fundamental importance to understanding the past and present. In addition to aiding scholarly research, Diversity of Sacrifice enables students to explore this rich theme across Europe and the Mediterranean with clear discussions of theory and data&quot;--Publisher's website.</subfield>
            </datafield>
            <datafield tag="650" ind1=" " ind2="0">
               <subfield code="a">Sacrifice</subfield>
               <subfield code="z">Europe</subfield>
               <subfield code="x">History</subfield>
               <subfield code="y">To 1500</subfield>
               <subfield code="v">Congresses.</subfield>
            </datafield>
            <datafield tag="650" ind1=" " ind2="0">
               <subfield code="a">Sacrifice</subfield>
               <subfield code="z">Mediterranean Region</subfield>
               <subfield code="x">History</subfield>
               <subfield code="y">To 1500</subfield>
               <subfield code="v">Congresses.</subfield>
            </datafield>
            <datafield tag="650" ind1=" " ind2="0">
               <subfield code="a">Social archaeology</subfield>
               <subfield code="z">Europe</subfield>
               <subfield code="v">Congresses.</subfield>
            </datafield>
            <datafield tag="650" ind1=" " ind2="0">
               <subfield code="a">Social archaeology</subfield>
               <subfield code="z">Mediterranean Region</subfield>
               <subfield code="v">Congresses.</subfield>
            </datafield>
            <datafield tag="650" ind1=" " ind2="0">
               <subfield code="a">Archaeology and religion</subfield>
               <subfield code="z">Europe</subfield>
               <subfield code="v">Congresses.</subfield>
            </datafield>
            <datafield tag="650" ind1=" " ind2="0">
               <subfield code="a">Archaeology and religion</subfield>
               <subfield code="z">Mediterranean Region</subfield>
               <subfield code="v">Congresses.</subfield>
            </datafield>
            <datafield tag="650" ind1=" " ind2="0">
               <subfield code="a">Material culture</subfield>
               <subfield code="z">Europe</subfield>
               <subfield code="x">History</subfield>
               <subfield code="y">To 1500</subfield>
               <subfield code="v">Congresses.</subfield>
            </datafield>
            <datafield tag="650" ind1=" " ind2="0">
               <subfield code="a">Material culture</subfield>
               <subfield code="z">Mediterranean Region</subfield>
               <subfield code="x">History</subfield>
               <subfield code="y">To 1500</subfield>
               <subfield code="v">Congresses.</subfield>
            </datafield>
            <datafield tag="650" ind1=" " ind2="0">
               <subfield code="a">Social interaction</subfield>
               <subfield code="z">Europe</subfield>
               <subfield code="x">History</subfield>
               <subfield code="y">To 1500</subfield>
               <subfield code="v">Congresses.</subfield>
            </datafield>
            <datafield tag="650" ind1=" " ind2="0">
               <subfield code="a">Social interaction</subfield>
               <subfield code="z">Mediterranean Region</subfield>
               <subfield code="x">History</subfield>
               <subfield code="y">To 1500</subfield>
               <subfield code="v">Congresses.</subfield>
            </datafield>
            <datafield tag="650" ind1=" " ind2="7">
               <subfield code="a">Archaeology and religion.</subfield>
               <subfield code="2">fast</subfield>
               <subfield code="0">(OCoLC)fst00813007</subfield>
            </datafield>
            <datafield tag="650" ind1=" " ind2="7">
               <subfield code="a">Material culture.</subfield>
               <subfield code="2">fast</subfield>
               <subfield code="0">(OCoLC)fst01011739</subfield>
            </datafield>
            <datafield tag="650" ind1=" " ind2="7">
               <subfield code="a">Sacrifice.</subfield>
               <subfield code="2">fast</subfield>
               <subfield code="0">(OCoLC)fst01103249</subfield>
            </datafield>
            <datafield tag="650" ind1=" " ind2="7">
               <subfield code="a">Social archaeology.</subfield>
               <subfield code="2">fast</subfield>
               <subfield code="0">(OCoLC)fst01122274</subfield>
            </datafield>
            <datafield tag="650" ind1=" " ind2="7">
               <subfield code="a">Social interaction.</subfield>
               <subfield code="2">fast</subfield>
               <subfield code="0">(OCoLC)fst01122562</subfield>
            </datafield>
            <datafield tag="651" ind1=" " ind2="7">
               <subfield code="a">Europe.</subfield>
               <subfield code="2">fast</subfield>
               <subfield code="0">(OCoLC)fst01245064</subfield>
            </datafield>
            <datafield tag="651" ind1=" " ind2="7">
               <subfield code="a">Mediterranean Region.</subfield>
               <subfield code="2">fast</subfield>
               <subfield code="0">(OCoLC)fst01239752</subfield>
            </datafield>
            <datafield tag="655" ind1=" " ind2="7">
               <subfield code="a">Conference papers and proceedings.</subfield>
               <subfield code="2">fast</subfield>
               <subfield code="0">(OCoLC)fst01423772</subfield>
            </datafield>
            <datafield tag="655" ind1=" " ind2="7">
               <subfield code="a">History.</subfield>
               <subfield code="2">fast</subfield>
               <subfield code="0">(OCoLC)fst01411628</subfield>
            </datafield>
            <datafield tag="700" ind1="1" ind2=" ">
               <subfield code="a">Murray, Carrie Ann,</subfield>
               <subfield code="d">1976-</subfield>
               <subfield code="e">editor.</subfield>
            </datafield>
            <datafield tag="710" ind1="2" ind2=" ">
               <subfield code="a">University of Buffalo.</subfield>
               <subfield code="b">Institute for European and Mediterranean Archaeology,</subfield>
               <subfield code="e">host institution.</subfield>
            </datafield>
            <datafield tag="830" ind1=" " ind2="0">
               <subfield code="a">Institute for European and Mediterranean Archaeology distinguished monograph series.</subfield>
            </datafield>
            <datafield tag="999" ind1=" " ind2=" ">
               <subfield code="a">BL570.D58 2016</subfield>
               <subfield code="w">LC</subfield>
               <subfield code="c">1</subfield>
               <subfield code="i">000079030212</subfield>
               <subfield code="d">8/26/2022</subfield>
               <subfield code="e">8/26/2022</subfield>
               <subfield code="k">CHECKEDOUT</subfield>
               <subfield code="l">PATTEE-BA</subfield>
               <subfield code="m">UP-PAT</subfield>
               <subfield code="n">4</subfield>
               <subfield code="r">M</subfield>
               <subfield code="s">Y</subfield>
               <subfield code="t">BOOK</subfield>
               <subfield code="u">8/9/2016</subfield>
            </datafield>
      </record>
    </metadata>
  </record>