
   <record> 
    <header>
      <identifier>oai:cat.libraries.psu.edu:18158472</identifier> 
      <datestamp>2022-12-16</datestamp>
      <setSpec>BOOK</setSpec> 
    </header>
    <metadata>
      <record xmlns="http://www.loc.gov/MARC21/slim" xsi:schemaLocation="http://www.loc.gov/MARC21/slim http://www.loc.gov/standards/marcxml/schema/MARC21slim.xsd" type="Bibliographic">
         <leader>     cam  22      i 4500</leader>
         <controlfield tag="008">160113s2016    inu      cb   001 0 eng c</controlfield>
            <datafield tag="010" ind1=" " ind2=" ">
               <subfield code="a">  2016001266</subfield>
            </datafield>
            <datafield tag="020" ind1=" " ind2=" ">
               <subfield code="a">9780253021311 (cloth : alk. paper)</subfield>
            </datafield>
            <datafield tag="020" ind1=" " ind2=" ">
               <subfield code="a">0253021316 (cloth : alk. paper)</subfield>
            </datafield>
            <datafield tag="020" ind1=" " ind2=" ">
               <subfield code="a">9780253021434 (pbk. : alk. paper)</subfield>
            </datafield>
            <datafield tag="020" ind1=" " ind2=" ">
               <subfield code="a">025302143X (pbk. : alk. paper)</subfield>
            </datafield>
            <datafield tag="050" ind1="0" ind2="0">
               <subfield code="a">RC607.A26</subfield>
               <subfield code="b">R458 2016</subfield>
            </datafield>
            <datafield tag="082" ind1="0" ind2="0">
               <subfield code="a">362.19697/92009669</subfield>
               <subfield code="2">23</subfield>
            </datafield>
            <datafield tag="100" ind1="1" ind2=" ">
               <subfield code="a">Rhine, Kathryn,</subfield>
               <subfield code="e">author.</subfield>
            </datafield>
            <datafield tag="245" ind1="1" ind2="4">
               <subfield code="a">The unseen things :</subfield>
               <subfield code="b">women, secrecy, and HIV in northern Nigeria /</subfield>
               <subfield code="c">Kathryn A. Rhine.</subfield>
            </datafield>
            <datafield tag="264" ind1=" " ind2="1">
               <subfield code="a">Bloomington :</subfield>
               <subfield code="b">Indiana University Press,</subfield>
               <subfield code="c">[2016]</subfield>
            </datafield>
            <datafield tag="300" ind1=" " ind2=" ">
               <subfield code="a">xvi, 198 pages ;</subfield>
               <subfield code="c">23 cm</subfield>
            </datafield>
            <datafield tag="504" ind1=" " ind2=" ">
               <subfield code="a">Includes bibliographical references and index.</subfield>
            </datafield>
            <datafield tag="505" ind1="0" ind2=" ">
               <subfield code="a">Introduction: Things unseen -- First loves -- Twice married -- Dilemmas of disclosure -- Intimate ethics -- Hope -- Conclusion: Evidence and substance.</subfield>
            </datafield>
            <datafield tag="650" ind1=" " ind2="0">
               <subfield code="a">HIV-positive women</subfield>
               <subfield code="z">Nigeria</subfield>
               <subfield code="x">Social conditions.</subfield>
            </datafield>
            <datafield tag="650" ind1=" " ind2="0">
               <subfield code="a">HIV-positive women</subfield>
               <subfield code="x">Behavior</subfield>
               <subfield code="z">Nigeria.</subfield>
            </datafield>
            <datafield tag="650" ind1=" " ind2="0">
               <subfield code="a">HIV-positive women</subfield>
               <subfield code="z">Nigeria</subfield>
               <subfield code="x">Attitudes.</subfield>
            </datafield>
            <datafield tag="650" ind1=" " ind2="0">
               <subfield code="a">AIDS (Disease) in women</subfield>
               <subfield code="z">Nigeria.</subfield>
            </datafield>
            <datafield tag="650" ind1=" " ind2="0">
               <subfield code="a">Secrecy.</subfield>
            </datafield>
            <datafield tag="650" ind1=" " ind2="7">
               <subfield code="a">Weibliche HIV-Infizierte.</subfield>
               <subfield code="0">(DE-588)7687055-8</subfield>
               <subfield code="2">gnd</subfield>
            </datafield>
            <datafield tag="650" ind1=" " ind2="7">
               <subfield code="a">Soziale Situation.</subfield>
               <subfield code="0">(DE-588)4077575-6</subfield>
               <subfield code="2">gnd</subfield>
            </datafield>
            <datafield tag="650" ind1=" " ind2="7">
               <subfield code="a">Frau.</subfield>
               <subfield code="0">(DE-588)4018202-2</subfield>
               <subfield code="2">gnd</subfield>
            </datafield>
            <datafield tag="650" ind1=" " ind2="7">
               <subfield code="a">HIV.</subfield>
               <subfield code="0">(DE-588)4200792-6</subfield>
               <subfield code="2">gnd</subfield>
            </datafield>
            <datafield tag="650" ind1=" " ind2="7">
               <subfield code="a">Sexualverhalten.</subfield>
               <subfield code="0">(DE-588)4116485-4</subfield>
               <subfield code="2">gnd</subfield>
            </datafield>
            <datafield tag="650" ind1="1" ind2="2">
               <subfield code="a">HIV Infections</subfield>
               <subfield code="x">psychology.</subfield>
            </datafield>
            <datafield tag="650" ind1="2" ind2="2">
               <subfield code="a">Women's Health.</subfield>
            </datafield>
            <datafield tag="650" ind1="2" ind2="2">
               <subfield code="a">Confidentiality.</subfield>
            </datafield>
            <datafield tag="651" ind1=" " ind2="7">
               <subfield code="a">Nigeria.</subfield>
               <subfield code="0">(DE-588)4042300-1</subfield>
               <subfield code="2">gnd</subfield>
            </datafield>
            <datafield tag="651" ind1=" " ind2="7">
               <subfield code="a">Kano.</subfield>
               <subfield code="0">(DE-588)4097622-1</subfield>
               <subfield code="2">gnd</subfield>
            </datafield>
            <datafield tag="651" ind1=" " ind2="2">
               <subfield code="a">Nigeria.</subfield>
            </datafield>
            <datafield tag="999" ind1=" " ind2=" ">
               <subfield code="a">RC607.A26R458 2016</subfield>
               <subfield code="w">LC</subfield>
               <subfield code="c">1</subfield>
               <subfield code="i">000079031189</subfield>
               <subfield code="d">10/10/2016</subfield>
               <subfield code="e">8/23/2016</subfield>
               <subfield code="l">PATERNO-4</subfield>
               <subfield code="m">UP-PAT</subfield>
               <subfield code="r">Y</subfield>
               <subfield code="s">Y</subfield>
               <subfield code="t">BOOK</subfield>
               <subfield code="u">8/9/2016</subfield>
            </datafield>
      </record>
    </metadata>
  </record>