
   <record> 
    <header>
      <identifier>oai:cat.libraries.psu.edu:18158473</identifier> 
      <datestamp>2022-12-16</datestamp>
      <setSpec>BOOK</setSpec> 
    </header>
    <metadata>
      <record xmlns="http://www.loc.gov/MARC21/slim" xsi:schemaLocation="http://www.loc.gov/MARC21/slim http://www.loc.gov/standards/marcxml/schema/MARC21slim.xsd" type="Bibliographic">
         <leader>     cam  22      i 4500</leader>
         <controlfield tag="008">150917s2016    enk      b    001 0 eng  </controlfield>
            <datafield tag="010" ind1=" " ind2=" ">
               <subfield code="a">  2015036420</subfield>
            </datafield>
            <datafield tag="020" ind1=" " ind2=" ">
               <subfield code="a">9780521116312</subfield>
               <subfield code="q">hardcover</subfield>
            </datafield>
            <datafield tag="020" ind1=" " ind2=" ">
               <subfield code="a">0521116317</subfield>
               <subfield code="q">hardcover</subfield>
            </datafield>
            <datafield tag="020" ind1=" " ind2=" ">
               <subfield code="a">9780521133258</subfield>
               <subfield code="q">paperback</subfield>
            </datafield>
            <datafield tag="020" ind1=" " ind2=" ">
               <subfield code="a">0521133254</subfield>
               <subfield code="q">paperback</subfield>
            </datafield>
            <datafield tag="050" ind1="0" ind2="0">
               <subfield code="a">DT159.94</subfield>
               <subfield code="b">.R65 2016</subfield>
            </datafield>
            <datafield tag="082" ind1="0" ind2="0">
               <subfield code="a">962.9</subfield>
               <subfield code="2">23</subfield>
            </datafield>
            <datafield tag="100" ind1="1" ind2=" ">
               <subfield code="a">Rolandsen, Øystein H.,</subfield>
               <subfield code="e">author.</subfield>
            </datafield>
            <datafield tag="245" ind1="1" ind2="2">
               <subfield code="a">A history of South Sudan :</subfield>
               <subfield code="b">from slavery to independence /</subfield>
               <subfield code="c">Øystein H. Rolandsen and M. W. Daly.</subfield>
            </datafield>
            <datafield tag="264" ind1=" " ind2="1">
               <subfield code="a">Cambridge, United Kingdom :</subfield>
               <subfield code="b">Cambridge University Press,</subfield>
               <subfield code="c">2016.</subfield>
            </datafield>
            <datafield tag="300" ind1=" " ind2=" ">
               <subfield code="a">xvii, 171 pages :</subfield>
               <subfield code="b">map ;</subfield>
               <subfield code="c">23 cm</subfield>
            </datafield>
            <datafield tag="504" ind1=" " ind2=" ">
               <subfield code="a">Includes bibliographical references and index.</subfield>
            </datafield>
            <datafield tag="505" ind1="0" ind2=" ">
               <subfield code="a">Introduction: the land and peoples of the upper Nile -- Ivory and slaves: the nineteenth century -- The second Turkiyya, 1898-1953 -- The curse of colonial continuity, 1953-63 -- The first civil war, 1963-72 -- Regional government: from one civil war to another, 1972-83 -- Eclipsed by war, 1983-91 -- Factional politics, 1991-2001 -- Making unity impossible, 2002-2011 -- Independent South Sudan.</subfield>
            </datafield>
            <datafield tag="650" ind1=" " ind2="7">
               <subfield code="a">Politics and government.</subfield>
               <subfield code="2">fast</subfield>
               <subfield code="0">(OCoLC)fst01919741</subfield>
            </datafield>
            <datafield tag="651" ind1=" " ind2="0">
               <subfield code="a">South Sudan</subfield>
               <subfield code="x">Politics and government.</subfield>
            </datafield>
            <datafield tag="651" ind1=" " ind2="0">
               <subfield code="a">South Sudan</subfield>
               <subfield code="x">History.</subfield>
            </datafield>
            <datafield tag="651" ind1=" " ind2="0">
               <subfield code="a">Sudan</subfield>
               <subfield code="x">Politics and government</subfield>
               <subfield code="y">1985-</subfield>
            </datafield>
            <datafield tag="651" ind1=" " ind2="7">
               <subfield code="a">South Sudan.</subfield>
               <subfield code="2">fast</subfield>
               <subfield code="0">(OCoLC)fst01773109</subfield>
            </datafield>
            <datafield tag="651" ind1=" " ind2="7">
               <subfield code="a">Sudan.</subfield>
               <subfield code="2">fast</subfield>
               <subfield code="0">(OCoLC)fst01204591</subfield>
            </datafield>
            <datafield tag="655" ind1=" " ind2="7">
               <subfield code="a">History.</subfield>
               <subfield code="2">fast</subfield>
               <subfield code="0">(OCoLC)fst01411628</subfield>
            </datafield>
            <datafield tag="700" ind1="1" ind2=" ">
               <subfield code="a">Daly, M. W.,</subfield>
               <subfield code="e">author.</subfield>
            </datafield>
            <datafield tag="999" ind1=" " ind2=" ">
               <subfield code="a">DT159.94.R65 2016</subfield>
               <subfield code="w">LC</subfield>
               <subfield code="c">1</subfield>
               <subfield code="i">000079030397</subfield>
               <subfield code="d">10/10/2016</subfield>
               <subfield code="e">8/25/2016</subfield>
               <subfield code="l">PATTEE-1</subfield>
               <subfield code="m">UP-PAT</subfield>
               <subfield code="r">Y</subfield>
               <subfield code="s">Y</subfield>
               <subfield code="t">BOOK</subfield>
               <subfield code="u">8/9/2016</subfield>
            </datafield>
      </record>
    </metadata>
  </record>