
   <record> 
    <header>
      <identifier>oai:cat.libraries.psu.edu:18158474</identifier> 
      <datestamp>2022-12-16</datestamp>
      <setSpec>BOOK</setSpec> 
      <setSpec>BOOKFLOAT</setSpec> 
    </header>
    <metadata>
      <record xmlns="http://www.loc.gov/MARC21/slim" xsi:schemaLocation="http://www.loc.gov/MARC21/slim http://www.loc.gov/standards/marcxml/schema/MARC21slim.xsd" type="Bibliographic">
         <leader>     cam  22      i 4500</leader>
         <controlfield tag="008">160119t20162016nyu      b    001 0 eng  </controlfield>
            <datafield tag="010" ind1=" " ind2=" ">
               <subfield code="a">  2015047784</subfield>
            </datafield>
            <datafield tag="020" ind1=" " ind2=" ">
               <subfield code="a">9780199337583</subfield>
               <subfield code="q">(hardback)</subfield>
            </datafield>
            <datafield tag="020" ind1=" " ind2=" ">
               <subfield code="a">0199337586</subfield>
               <subfield code="q">(hardback)</subfield>
            </datafield>
            <datafield tag="035" ind1=" " ind2=" ">
               <subfield code="a">(OCoLC)921864741</subfield>
            </datafield>
            <datafield tag="050" ind1="0" ind2="0">
               <subfield code="a">PE3724.O3</subfield>
               <subfield code="b">A326 2016</subfield>
            </datafield>
            <datafield tag="082" ind1="0" ind2="0">
               <subfield code="a">427</subfield>
               <subfield code="2">23</subfield>
            </datafield>
            <datafield tag="100" ind1="1" ind2=" ">
               <subfield code="a">Adams, Michael,</subfield>
               <subfield code="d">1961-</subfield>
               <subfield code="e">author.</subfield>
            </datafield>
            <datafield tag="245" ind1="1" ind2="0">
               <subfield code="a">In praise of profanity /</subfield>
               <subfield code="c">Michael Adams.</subfield>
            </datafield>
            <datafield tag="246" ind1="1" ind2="8">
               <subfield code="a">!n pr@ise *f pr#fanity</subfield>
            </datafield>
            <datafield tag="264" ind1=" " ind2="1">
               <subfield code="a">New York, NY :</subfield>
               <subfield code="b">Oxford University Press,</subfield>
               <subfield code="c">[2016]</subfield>
            </datafield>
            <datafield tag="264" ind1=" " ind2="4">
               <subfield code="c">©2016</subfield>
            </datafield>
            <datafield tag="300" ind1=" " ind2=" ">
               <subfield code="a">xiii, 253 pages ;</subfield>
               <subfield code="c">22 cm</subfield>
            </datafield>
            <datafield tag="500" ind1=" " ind2=" ">
               <subfield code="a">Book jacket and spine use special characters to substitute for letters in title.</subfield>
            </datafield>
            <datafield tag="504" ind1=" " ind2=" ">
               <subfield code="a">Includes bibliographical references and index.</subfield>
            </datafield>
            <datafield tag="505" ind1="0" ind2="0">
               <subfield code="t">Profanity: The great debate(s) --</subfield>
               <subfield code="t">Intimacy, exceptionalism, and having it both ways --</subfield>
               <subfield code="t">Expletive and euphemism --</subfield>
               <subfield code="t">Artful profanity --</subfield>
               <subfield code="t">Coda: ultimate profanity.</subfield>
            </datafield>
            <datafield tag="520" ind1=" " ind2=" ">
               <subfield code="a">&quot;When President Obama signed the affordable health care act in 2009, the Vice President was overheard to utter an enthusiastic &quot;This is a big f****** deal!&quot; A town in Massachusetts levies $20 fines on swearing in public. Nothing is as paradoxical as our attitude toward swearing and &quot;bad language&quot;: how can we judge profanity so harshly in principle, yet use it so frequently in practice? Though profanity is more acceptable today than ever, it is still labeled as rude, or at best tolerable only under specific circumstances. Cursing, many argue, signals an absence of character, or poor parenting, and is something to avoid at all costs. Yet plenty of us are unconcerned about the dangers of profanity; bad words are commonly used in mainstream music, Academy Award-winning films, books, and newspapers. And of course, regular people use them in conversation every day. In In Praise of Profanity, Michael Adams offers a provocative, unapologetic defense of profanity, arguing that we've oversimplified profanity by labeling it as taboo. Profanity is valuable, even essential, both as a vehicle of communication and an element of style. As much as we may deplore it in some contexts, we should celebrate it in others. Adams skillfully weaves together linguistic and psychological analyses of why we swear-for emotional release, as a way to promote group solidarity, or to create intimate relationships -- with colorful examples of profanity in literature, TV, film, and music, such as The Sopranos, James Kelman's How Late It Was, How Late, or the songs of Nellie McKay. This breezy, jargon-free book will challenge readers to reconsider the way they think about swearing&quot;--</subfield>
               <subfield code="c">Provided by publisher.</subfield>
            </datafield>
            <datafield tag="650" ind1=" " ind2="0">
               <subfield code="a">English language</subfield>
               <subfield code="x">Obscene words.</subfield>
            </datafield>
            <datafield tag="650" ind1=" " ind2="0">
               <subfield code="a">English language</subfield>
               <subfield code="x">Slang.</subfield>
            </datafield>
            <datafield tag="650" ind1=" " ind2="0">
               <subfield code="a">Swearing.</subfield>
            </datafield>
            <datafield tag="650" ind1=" " ind2="7">
               <subfield code="a">LANGUAGE ARTS &amp; DISCIPLINES</subfield>
               <subfield code="x">Linguistics</subfield>
               <subfield code="x">General.</subfield>
               <subfield code="2">bisacsh</subfield>
            </datafield>
            <datafield tag="650" ind1=" " ind2="7">
               <subfield code="a">LANGUAGE ARTS &amp; DISCIPLINES</subfield>
               <subfield code="x">Vocabulary.</subfield>
               <subfield code="2">bisacsh</subfield>
            </datafield>
            <datafield tag="650" ind1=" " ind2="7">
               <subfield code="a">English language</subfield>
               <subfield code="x">Obscene words.</subfield>
               <subfield code="2">fast</subfield>
               <subfield code="0">(OCoLC)fst00911410</subfield>
            </datafield>
            <datafield tag="650" ind1=" " ind2="7">
               <subfield code="a">English language</subfield>
               <subfield code="x">Slang.</subfield>
               <subfield code="2">fast</subfield>
               <subfield code="0">(OCoLC)fst00911645</subfield>
            </datafield>
            <datafield tag="650" ind1=" " ind2="7">
               <subfield code="a">Swearing.</subfield>
               <subfield code="2">fast</subfield>
               <subfield code="0">(OCoLC)fst01139974</subfield>
            </datafield>
            <datafield tag="999" ind1=" " ind2=" ">
               <subfield code="a">PE3724.O3A326 2016</subfield>
               <subfield code="w">LC</subfield>
               <subfield code="c">1</subfield>
               <subfield code="i">000079030441</subfield>
               <subfield code="d">1/14/2022</subfield>
               <subfield code="e">11/1/2021</subfield>
               <subfield code="l">PATTEE-2</subfield>
               <subfield code="m">UP-PAT</subfield>
               <subfield code="n">4</subfield>
               <subfield code="q">1</subfield>
               <subfield code="r">Y</subfield>
               <subfield code="s">Y</subfield>
               <subfield code="t">BOOK</subfield>
               <subfield code="u">8/9/2016</subfield>
            </datafield>
            <datafield tag="999" ind1=" " ind2=" ">
               <subfield code="a">PE3724.O3A326 2016</subfield>
               <subfield code="w">LC</subfield>
               <subfield code="c">1</subfield>
               <subfield code="i">000069174186</subfield>
               <subfield code="d">3/27/2019</subfield>
               <subfield code="e">3/27/2019</subfield>
               <subfield code="k">DEPTCHARGE</subfield>
               <subfield code="l">STACKS-YK</subfield>
               <subfield code="m">YORK</subfield>
               <subfield code="r">M</subfield>
               <subfield code="s">Y</subfield>
               <subfield code="t">BOOKFLOAT</subfield>
               <subfield code="u">4/7/2017</subfield>
            </datafield>
      </record>
    </metadata>
  </record>