
   <record> 
    <header>
      <identifier>oai:cat.libraries.psu.edu:18158475</identifier> 
      <datestamp>2022-12-16</datestamp>
      <setSpec>BOOK</setSpec> 
    </header>
    <metadata>
      <record xmlns="http://www.loc.gov/MARC21/slim" xsi:schemaLocation="http://www.loc.gov/MARC21/slim http://www.loc.gov/standards/marcxml/schema/MARC21slim.xsd" type="Bibliographic">
         <leader>     cam  22      i 4500</leader>
         <controlfield tag="008">151023s2016    enk      b    001 0 eng  </controlfield>
            <datafield tag="010" ind1=" " ind2=" ">
               <subfield code="a">  2015035188</subfield>
            </datafield>
            <datafield tag="020" ind1=" " ind2=" ">
               <subfield code="a">1138120960</subfield>
               <subfield code="q">(hardback)</subfield>
            </datafield>
            <datafield tag="020" ind1=" " ind2=" ">
               <subfield code="a">9781138120969</subfield>
               <subfield code="q">(hardback)</subfield>
            </datafield>
            <datafield tag="024" ind1="8" ind2=" ">
               <subfield code="a">40025902280</subfield>
            </datafield>
            <datafield tag="050" ind1="0" ind2="0">
               <subfield code="a">PN1993.5.C4</subfield>
               <subfield code="b">L4656 2016</subfield>
            </datafield>
            <datafield tag="082" ind1="0" ind2="0">
               <subfield code="a">791.430951</subfield>
               <subfield code="2">23</subfield>
            </datafield>
            <datafield tag="100" ind1="1" ind2=" ">
               <subfield code="a">Li, David Leiwei,</subfield>
               <subfield code="d">1959-</subfield>
            </datafield>
            <datafield tag="245" ind1="1" ind2="0">
               <subfield code="a">Economy, emotion, and ethics in Chinese cinema :</subfield>
               <subfield code="b">globalization on speed /</subfield>
               <subfield code="c">David Leiwei Li.</subfield>
            </datafield>
            <datafield tag="264" ind1=" " ind2="1">
               <subfield code="a">London ;</subfield>
               <subfield code="a">New York, NY :</subfield>
               <subfield code="b">Routledge, Taylor &amp; Francis Group,</subfield>
               <subfield code="c">2016.</subfield>
            </datafield>
            <datafield tag="300" ind1=" " ind2=" ">
               <subfield code="a">xiv, 229 pages ;</subfield>
               <subfield code="c">24 cm.</subfield>
            </datafield>
            <datafield tag="490" ind1="1" ind2=" ">
               <subfield code="a">Routledge contemporary China series ;</subfield>
               <subfield code="v">142</subfield>
            </datafield>
            <datafield tag="504" ind1=" " ind2=" ">
               <subfield code="a">Includes bibliographical references and index.</subfield>
            </datafield>
            <datafield tag="505" ind1="0" ind2=" ">
               <subfield code="a">Introduction: Culture and Contemporary Chinese Cinema in the Second Coming of Capitalism -- Homo Economicus: Individual Liberty and Market Dependency. Primitive Accumulation and the Emergence of the Liberal Subject in the People's Republic: Zhang Yimou's Red Sorghum and Zhou Xiaowen's Ermo -- Crazy English with a Chinese Face: Zhang Yuan's Documentary on the Neoliberal Pedagogy of the Self -- Homo Sentimentalis: The Transformation of Family and Intimacy -- Neoliberalism's Family Values: (Re)production and (Re)creation in Ang Lee's Trilogy and Zhang Yimou's Happy Times -- The Deregulation of Affect in Hou Hsiao-hsien and Yang De-chang -- Homo Ethicus: Towards Ecological Justice. The World of Jia Zhangke Viewed: Neorealist Aesthetics against Neoliberal Logics -- Abiding by Nature's Time: The Cautionary of Cannibal Capitalism in Fruit Chan's Dumplings.</subfield>
            </datafield>
            <datafield tag="520" ind1="8" ind2=" ">
               <subfield code="a">The First and Second Comings of capitalism are conceptual shorthands used to capture the radical changes in global geopolitics from the Opium War to the end of the Cold War and beyond. Centring the role of capitalism in the Chinese everyday, the framework can be employed to comprehend contemporary Chinese culture in general and, as in this study, Chinese cinema in particular. This book investigates major Chinese-language films from mainland China, Taiwan, and Hong Kong in order to unpack a hyper-compressed capitalist modernity with distinctive Chinese characteristics. As a dialogue between the film genre as a mediation of microscopic social life, and the narrative of economic development as a macroscopic political abstraction, it engages the two otherwise remotely related worlds, illustrating how the State and the Subject are reconstituted cinematically in late capitalism. A deeply cultural, determinedly historical, and deliberately interdisciplinary study, it approaches &quot;culture&quot; anthropologically, as a way of life emanating from the everyday, and aesthetically, as imaginative forms and creative expressions.</subfield>
            </datafield>
            <datafield tag="650" ind1=" " ind2="0">
               <subfield code="a">Motion pictures</subfield>
               <subfield code="z">China</subfield>
               <subfield code="x">History and criticism.</subfield>
            </datafield>
            <datafield tag="650" ind1=" " ind2="0">
               <subfield code="a">Motion pictures</subfield>
               <subfield code="z">Taiwan</subfield>
               <subfield code="x">History.</subfield>
            </datafield>
            <datafield tag="650" ind1=" " ind2="0">
               <subfield code="a">Motion pictures</subfield>
               <subfield code="z">China</subfield>
               <subfield code="z">Hong Kong</subfield>
               <subfield code="x">History.</subfield>
            </datafield>
            <datafield tag="650" ind1=" " ind2="0">
               <subfield code="a">Motion pictures and globalization.</subfield>
            </datafield>
            <datafield tag="650" ind1=" " ind2="7">
               <subfield code="a">Motion pictures.</subfield>
               <subfield code="2">fast</subfield>
               <subfield code="0">(OCoLC)fst01027285</subfield>
            </datafield>
            <datafield tag="650" ind1=" " ind2="7">
               <subfield code="a">Motion pictures and globalization.</subfield>
               <subfield code="2">fast</subfield>
               <subfield code="0">(OCoLC)fst01736340</subfield>
            </datafield>
            <datafield tag="651" ind1=" " ind2="7">
               <subfield code="a">China.</subfield>
               <subfield code="2">fast</subfield>
               <subfield code="0">(OCoLC)fst01206073</subfield>
            </datafield>
            <datafield tag="651" ind1=" " ind2="7">
               <subfield code="a">China</subfield>
               <subfield code="z">Hong Kong.</subfield>
               <subfield code="2">fast</subfield>
               <subfield code="0">(OCoLC)fst01260796</subfield>
            </datafield>
            <datafield tag="651" ind1=" " ind2="7">
               <subfield code="a">Taiwan.</subfield>
               <subfield code="2">fast</subfield>
               <subfield code="0">(OCoLC)fst01207854</subfield>
            </datafield>
            <datafield tag="655" ind1=" " ind2="7">
               <subfield code="a">Criticism, interpretation, etc.</subfield>
               <subfield code="2">fast</subfield>
               <subfield code="0">(OCoLC)fst01411635</subfield>
            </datafield>
            <datafield tag="655" ind1=" " ind2="7">
               <subfield code="a">History.</subfield>
               <subfield code="2">fast</subfield>
               <subfield code="0">(OCoLC)fst01411628</subfield>
            </datafield>
            <datafield tag="830" ind1=" " ind2="0">
               <subfield code="a">Routledge contemporary China series ;</subfield>
               <subfield code="v">142.</subfield>
            </datafield>
            <datafield tag="999" ind1=" " ind2=" ">
               <subfield code="a">PN1993.5.C4L4656 2016</subfield>
               <subfield code="w">LC</subfield>
               <subfield code="c">1</subfield>
               <subfield code="i">000078510203</subfield>
               <subfield code="d">11/9/2016</subfield>
               <subfield code="e">8/24/2016</subfield>
               <subfield code="l">PATTEE-2A</subfield>
               <subfield code="m">UP-PAT</subfield>
               <subfield code="r">Y</subfield>
               <subfield code="s">Y</subfield>
               <subfield code="t">BOOK</subfield>
               <subfield code="u">8/9/2016</subfield>
            </datafield>
      </record>
    </metadata>
  </record>