
   <record> 
    <header>
      <identifier>oai:cat.libraries.psu.edu:18158476</identifier> 
      <datestamp>2022-12-16</datestamp>
      <setSpec>BOOK</setSpec> 
    </header>
    <metadata>
      <record xmlns="http://www.loc.gov/MARC21/slim" xsi:schemaLocation="http://www.loc.gov/MARC21/slim http://www.loc.gov/standards/marcxml/schema/MARC21slim.xsd" type="Bibliographic">
         <leader>     cam  22      i 4500</leader>
         <controlfield tag="008">150925t20162016enkab    b    001 0 eng  </controlfield>
            <datafield tag="010" ind1=" " ind2=" ">
               <subfield code="a">  2015034955</subfield>
            </datafield>
            <datafield tag="020" ind1=" " ind2=" ">
               <subfield code="a">9781138942585 (hbk)</subfield>
            </datafield>
            <datafield tag="020" ind1=" " ind2=" ">
               <subfield code="a">1138942588 (hbk)</subfield>
            </datafield>
            <datafield tag="020" ind1=" " ind2=" ">
               <subfield code="a">9781138942592 (pbk)</subfield>
            </datafield>
            <datafield tag="020" ind1=" " ind2=" ">
               <subfield code="a">1138942596 (pbk)</subfield>
            </datafield>
            <datafield tag="050" ind1="0" ind2="0">
               <subfield code="a">RA790.7.I5</subfield>
               <subfield code="b">S53 2016</subfield>
            </datafield>
            <datafield tag="082" ind1="0" ind2="0">
               <subfield code="a">362.19689/1700954</subfield>
               <subfield code="2">23</subfield>
            </datafield>
            <datafield tag="100" ind1="1" ind2=" ">
               <subfield code="a">Siddiqui, Sabah,</subfield>
               <subfield code="e">author.</subfield>
            </datafield>
            <datafield tag="245" ind1="1" ind2="0">
               <subfield code="a">Religion and psychoanalysis in India :</subfield>
               <subfield code="b">critical clinical practice /</subfield>
               <subfield code="c">Sabah Siddiqui.</subfield>
            </datafield>
            <datafield tag="264" ind1=" " ind2="1">
               <subfield code="a">London ;</subfield>
               <subfield code="a">New York :</subfield>
               <subfield code="b">Routledge, Taylor &amp; Francis Group,</subfield>
               <subfield code="c">2016.</subfield>
            </datafield>
            <datafield tag="300" ind1=" " ind2=" ">
               <subfield code="a">xii, 124 pages :</subfield>
               <subfield code="b">illustration, map ;</subfield>
               <subfield code="c">22 cm.</subfield>
            </datafield>
            <datafield tag="490" ind1="1" ind2=" ">
               <subfield code="a">Concepts for critical psychology: Disciplinary boundaries re-thought</subfield>
            </datafield>
            <datafield tag="504" ind1=" " ind2=" ">
               <subfield code="a">Includes bibliographical references and index.</subfield>
            </datafield>
            <datafield tag="505" ind1="0" ind2=" ">
               <subfield code="a">Machine generated contents note: 1.Introduction -- State, science and superstition -- Wraths of power -- 2.On method -- Science -- Cultural anthropology -- Freudian psychoanalysis and its cultural variants -- Post-colonial studies -- 3.Ghosts from the past -- Return of the deceased as symptom of the diseased -- Hiroshima and the psychoanalysis of forgetting -- The trauma in remembering vs the horror of forgetting -- 4.Woman or goddess? -- God does not go to everyone -- Home and the world -- Technologies of the self -- 5.Prayers, pills and politics -- Situating the dargah -- Esoterica -- A fragment of a case of jinn possession -- 6.In lieu of a conclusion.</subfield>
            </datafield>
            <datafield tag="650" ind1=" " ind2="0">
               <subfield code="a">Mental health</subfield>
               <subfield code="z">India.</subfield>
            </datafield>
            <datafield tag="650" ind1=" " ind2="0">
               <subfield code="a">Mental health</subfield>
               <subfield code="x">Religious aspects.</subfield>
            </datafield>
            <datafield tag="650" ind1=" " ind2="0">
               <subfield code="a">Spiritual healing</subfield>
               <subfield code="z">India.</subfield>
            </datafield>
            <datafield tag="650" ind1=" " ind2="0">
               <subfield code="a">Psychoanalysis and religion</subfield>
               <subfield code="z">India.</subfield>
            </datafield>
            <datafield tag="650" ind1=" " ind2="2">
               <subfield code="a">Mental Health.</subfield>
            </datafield>
            <datafield tag="650" ind1=" " ind2="2">
               <subfield code="a">Spiritual Therapies.</subfield>
            </datafield>
            <datafield tag="650" ind1=" " ind2="2">
               <subfield code="a">Psychoanalysis.</subfield>
            </datafield>
            <datafield tag="650" ind1=" " ind2="7">
               <subfield code="a">Mental health.</subfield>
               <subfield code="2">fast</subfield>
               <subfield code="0">(OCoLC)fst01016339</subfield>
            </datafield>
            <datafield tag="650" ind1=" " ind2="7">
               <subfield code="a">Mental health</subfield>
               <subfield code="x">Religious aspects.</subfield>
               <subfield code="2">fast</subfield>
               <subfield code="0">(OCoLC)fst01016359</subfield>
            </datafield>
            <datafield tag="650" ind1=" " ind2="7">
               <subfield code="a">Psychoanalysis and religion.</subfield>
               <subfield code="2">fast</subfield>
               <subfield code="0">(OCoLC)fst01081280</subfield>
            </datafield>
            <datafield tag="650" ind1=" " ind2="7">
               <subfield code="a">Spiritual healing.</subfield>
               <subfield code="2">fast</subfield>
               <subfield code="0">(OCoLC)fst01130087</subfield>
            </datafield>
            <datafield tag="651" ind1=" " ind2="2">
               <subfield code="a">India.</subfield>
            </datafield>
            <datafield tag="651" ind1=" " ind2="7">
               <subfield code="a">India.</subfield>
               <subfield code="2">fast</subfield>
               <subfield code="0">(OCoLC)fst01210276</subfield>
            </datafield>
            <datafield tag="830" ind1=" " ind2="0">
               <subfield code="a">Concepts for critical psychology.</subfield>
            </datafield>
            <datafield tag="999" ind1=" " ind2=" ">
               <subfield code="a">RA790.7.I5S53 2016</subfield>
               <subfield code="w">LC</subfield>
               <subfield code="c">1</subfield>
               <subfield code="i">000079031172</subfield>
               <subfield code="d">10/10/2016</subfield>
               <subfield code="e">8/23/2016</subfield>
               <subfield code="l">PATERNO-4</subfield>
               <subfield code="m">UP-PAT</subfield>
               <subfield code="r">Y</subfield>
               <subfield code="s">Y</subfield>
               <subfield code="t">BOOK</subfield>
               <subfield code="u">8/9/2016</subfield>
            </datafield>
      </record>
    </metadata>
  </record>