
   <record> 
    <header>
      <identifier>oai:cat.libraries.psu.edu:18158477</identifier> 
      <datestamp>2022-12-16</datestamp>
      <setSpec>BOOK</setSpec> 
    </header>
    <metadata>
      <record xmlns="http://www.loc.gov/MARC21/slim" xsi:schemaLocation="http://www.loc.gov/MARC21/slim http://www.loc.gov/standards/marcxml/schema/MARC21slim.xsd" type="Bibliographic">
         <leader>     cam  22      i 4500</leader>
         <controlfield tag="008">150921s2016    iau      b   s001 0 eng  </controlfield>
            <datafield tag="010" ind1=" " ind2=" ">
               <subfield code="a">  2015031850</subfield>
            </datafield>
            <datafield tag="020" ind1=" " ind2=" ">
               <subfield code="a">9781609384111</subfield>
               <subfield code="q">paperback ;</subfield>
               <subfield code="q">alkaline paper</subfield>
            </datafield>
            <datafield tag="020" ind1=" " ind2=" ">
               <subfield code="a">1609384113</subfield>
               <subfield code="q">paperback ;</subfield>
               <subfield code="q">alkaline paper</subfield>
            </datafield>
            <datafield tag="050" ind1="0" ind2="0">
               <subfield code="a">PS310.P53</subfield>
               <subfield code="b">C63 2016</subfield>
            </datafield>
            <datafield tag="082" ind1="0" ind2="0">
               <subfield code="a">811/.5409</subfield>
               <subfield code="2">23</subfield>
            </datafield>
            <datafield tag="100" ind1="1" ind2=" ">
               <subfield code="a">Cocola, Jim,</subfield>
               <subfield code="e">author.</subfield>
            </datafield>
            <datafield tag="245" ind1="1" ind2="0">
               <subfield code="a">Places in the making :</subfield>
               <subfield code="b">a cultural geography of American poetry /</subfield>
               <subfield code="c">Jim Cocola.</subfield>
            </datafield>
            <datafield tag="264" ind1=" " ind2="1">
               <subfield code="a">Iowa City :</subfield>
               <subfield code="b">University of Iowa Press,</subfield>
               <subfield code="c">[2016]</subfield>
            </datafield>
            <datafield tag="300" ind1=" " ind2=" ">
               <subfield code="a">xx, 264 pages ;</subfield>
               <subfield code="c">23 cm.</subfield>
            </datafield>
            <datafield tag="490" ind1="1" ind2=" ">
               <subfield code="a">The new American canon</subfield>
            </datafield>
            <datafield tag="504" ind1=" " ind2=" ">
               <subfield code="a">Includes bibliographical references and index.</subfield>
            </datafield>
            <datafield tag="505" ind1="0" ind2=" ">
               <subfield code="a">Machine generated contents note: pt. 1 PROSPECTS -- 1.Modernism on the Mountaintop / William Carlos Williams -- 2.Pacific Counterpoints / Pablo Neruda -- 3.Projective vs. Reflective Verse / Lorine Niedecker -- pt. 2 TRANSLOCALITIES -- 4.Versions of Prague / Roque Dalton -- 5.The Cosmic Caribbean / Ernesto Cardenal -- 6.Indigenous Claims / Joy Harjo -- pt. 3 ZONES -- 7.From Aztlan / Jimmy Santiago Baca -- 8.Remilitarized Poems / Myung Mi Kim -- 9.Forget Your Pastoral / Craig Santos Perez.</subfield>
            </datafield>
            <datafield tag="650" ind1=" " ind2="0">
               <subfield code="a">American poetry</subfield>
               <subfield code="y">20th century</subfield>
               <subfield code="x">History and criticism.</subfield>
            </datafield>
            <datafield tag="650" ind1=" " ind2="0">
               <subfield code="a">American poetry</subfield>
               <subfield code="y">21st century</subfield>
               <subfield code="x">History and criticism.</subfield>
            </datafield>
            <datafield tag="650" ind1=" " ind2="0">
               <subfield code="a">Place (Philosophy) in literature.</subfield>
            </datafield>
            <datafield tag="650" ind1=" " ind2="0">
               <subfield code="a">Poetics</subfield>
               <subfield code="x">History</subfield>
               <subfield code="y">20th century.</subfield>
            </datafield>
            <datafield tag="650" ind1=" " ind2="0">
               <subfield code="a">Poetics</subfield>
               <subfield code="x">History</subfield>
               <subfield code="y">21st century.</subfield>
            </datafield>
            <datafield tag="650" ind1=" " ind2="7">
               <subfield code="a">American poetry.</subfield>
               <subfield code="2">fast</subfield>
               <subfield code="0">(OCoLC)fst00807348</subfield>
            </datafield>
            <datafield tag="650" ind1=" " ind2="7">
               <subfield code="a">Place (Philosophy) in literature.</subfield>
               <subfield code="2">fast</subfield>
               <subfield code="0">(OCoLC)fst01064981</subfield>
            </datafield>
            <datafield tag="650" ind1=" " ind2="7">
               <subfield code="a">Poetics.</subfield>
               <subfield code="2">fast</subfield>
               <subfield code="0">(OCoLC)fst01067682</subfield>
            </datafield>
            <datafield tag="655" ind1=" " ind2="7">
               <subfield code="a">Criticism, interpretation, etc.</subfield>
               <subfield code="2">fast</subfield>
               <subfield code="0">(OCoLC)fst01411635</subfield>
            </datafield>
            <datafield tag="655" ind1=" " ind2="7">
               <subfield code="a">History.</subfield>
               <subfield code="2">fast</subfield>
               <subfield code="0">(OCoLC)fst01411628</subfield>
            </datafield>
            <datafield tag="830" ind1=" " ind2="0">
               <subfield code="a">New American canon.</subfield>
            </datafield>
            <datafield tag="999" ind1=" " ind2=" ">
               <subfield code="a">PS310.P53C63 2016</subfield>
               <subfield code="w">LC</subfield>
               <subfield code="c">1</subfield>
               <subfield code="i">000079030083</subfield>
               <subfield code="d">9/10/2020</subfield>
               <subfield code="e">3/28/2018</subfield>
               <subfield code="l">PATTEE-3</subfield>
               <subfield code="m">UP-PAT</subfield>
               <subfield code="n">1</subfield>
               <subfield code="r">Y</subfield>
               <subfield code="s">Y</subfield>
               <subfield code="t">BOOK</subfield>
               <subfield code="u">8/9/2016</subfield>
            </datafield>
      </record>
    </metadata>
  </record>