
   <record> 
    <header>
      <identifier>oai:cat.libraries.psu.edu:18158478</identifier> 
      <datestamp>2022-12-16</datestamp>
      <setSpec>BOOK</setSpec> 
    </header>
    <metadata>
      <record xmlns="http://www.loc.gov/MARC21/slim" xsi:schemaLocation="http://www.loc.gov/MARC21/slim http://www.loc.gov/standards/marcxml/schema/MARC21slim.xsd" type="Bibliographic">
         <leader>     cam  22     Ii 4500</leader>
         <controlfield tag="008">151130s2016    ilu      b    001 0 eng c</controlfield>
            <datafield tag="010" ind1=" " ind2=" ">
               <subfield code="a">  2015047125</subfield>
            </datafield>
            <datafield tag="020" ind1=" " ind2=" ">
               <subfield code="a">9780810133310</subfield>
               <subfield code="q">(pbk. ;</subfield>
               <subfield code="q">alk. paper)</subfield>
            </datafield>
            <datafield tag="020" ind1=" " ind2=" ">
               <subfield code="a">0810133318</subfield>
               <subfield code="q">(pbk. ;</subfield>
               <subfield code="q">alk. paper)</subfield>
            </datafield>
            <datafield tag="020" ind1=" " ind2=" ">
               <subfield code="a">9780810133327</subfield>
               <subfield code="q">(cloth ;</subfield>
               <subfield code="q">alk. paper)</subfield>
            </datafield>
            <datafield tag="020" ind1=" " ind2=" ">
               <subfield code="a">0810133326</subfield>
               <subfield code="q">(cloth ;</subfield>
               <subfield code="q">alk. paper)</subfield>
            </datafield>
            <datafield tag="035" ind1=" " ind2=" ">
               <subfield code="a">(OCoLC)922729043</subfield>
            </datafield>
            <datafield tag="050" ind1="0" ind2="0">
               <subfield code="a">PR6019.O9</subfield>
               <subfield code="b">F59386 2016</subfield>
            </datafield>
            <datafield tag="082" ind1="0" ind2="4">
               <subfield code="a">823.912</subfield>
               <subfield code="2">23</subfield>
            </datafield>
            <datafield tag="100" ind1="1" ind2=" ">
               <subfield code="a">Verene, Donald Phillip,</subfield>
               <subfield code="d">1937-</subfield>
               <subfield code="e">author.</subfield>
            </datafield>
            <datafield tag="245" ind1="1" ind2="0">
               <subfield code="a">James Joyce and the philosophers at Finnegan's wake /</subfield>
               <subfield code="c">Donald Phillip Verene.</subfield>
            </datafield>
            <datafield tag="264" ind1=" " ind2="1">
               <subfield code="a">Evanston, Illinois :</subfield>
               <subfield code="b">Northwestern University Press,</subfield>
               <subfield code="c">2016.</subfield>
            </datafield>
            <datafield tag="300" ind1=" " ind2=" ">
               <subfield code="a">xxi, 124 pages ;</subfield>
               <subfield code="c">23 cm</subfield>
            </datafield>
            <datafield tag="504" ind1=" " ind2=" ">
               <subfield code="a">Includes bibliographical references and index.</subfield>
            </datafield>
            <datafield tag="505" ind1="0" ind2=" ">
               <subfield code="a">Introduction. Plato's ancient quarrel -- Beckett's exagmination -- Joyce's philosophical vocabulary -- Bruno's equals of opposites and Cusanus's learned ignorants -- Vico's Vita and the producer (Mr. John Baptister Vickar) -- Vico's Science and the millwheeling vicociclometer -- Appendix. Register of philosophers at the Wake.</subfield>
            </datafield>
            <datafield tag="600" ind1="1" ind2="0">
               <subfield code="a">Joyce, James,</subfield>
               <subfield code="d">1882-1941.</subfield>
               <subfield code="t">Finnegans wake.</subfield>
            </datafield>
            <datafield tag="600" ind1="1" ind2="0">
               <subfield code="a">Joyce, James,</subfield>
               <subfield code="d">1882-1941</subfield>
               <subfield code="x">Criticism and interpretation.</subfield>
            </datafield>
            <datafield tag="600" ind1="1" ind2="0">
               <subfield code="a">Bruno, Giordano,</subfield>
               <subfield code="d">1548-1600</subfield>
               <subfield code="x">Influence.</subfield>
            </datafield>
            <datafield tag="600" ind1="0" ind2="0">
               <subfield code="a">Nicholas,</subfield>
               <subfield code="c">of Cusa, Cardinal,</subfield>
               <subfield code="d">1401-1464</subfield>
               <subfield code="x">Influence.</subfield>
            </datafield>
            <datafield tag="600" ind1="1" ind2="0">
               <subfield code="a">Vico, Giambattista,</subfield>
               <subfield code="d">1668-1744</subfield>
               <subfield code="x">Influence.</subfield>
            </datafield>
            <datafield tag="600" ind1="1" ind2="7">
               <subfield code="a">Bruno, Giordano,</subfield>
               <subfield code="d">1548-1600.</subfield>
               <subfield code="2">fast</subfield>
               <subfield code="0">(OCoLC)fst00040767</subfield>
            </datafield>
            <datafield tag="600" ind1="1" ind2="7">
               <subfield code="a">Joyce, James,</subfield>
               <subfield code="d">1882-1941.</subfield>
               <subfield code="2">fast</subfield>
               <subfield code="0">(OCoLC)fst00035968</subfield>
            </datafield>
            <datafield tag="600" ind1="0" ind2="7">
               <subfield code="a">Nicholas,</subfield>
               <subfield code="c">of Cusa, Cardinal,</subfield>
               <subfield code="d">1401-1464.</subfield>
               <subfield code="2">fast</subfield>
               <subfield code="0">(OCoLC)fst00081001</subfield>
            </datafield>
            <datafield tag="600" ind1="1" ind2="7">
               <subfield code="a">Vico, Giambattista,</subfield>
               <subfield code="d">1668-1744.</subfield>
               <subfield code="2">fast</subfield>
               <subfield code="0">(OCoLC)fst00033683</subfield>
            </datafield>
            <datafield tag="630" ind1="0" ind2="7">
               <subfield code="a">Finnegans wake (Joyce, James)</subfield>
               <subfield code="2">fast</subfield>
               <subfield code="0">(OCoLC)fst01356074</subfield>
            </datafield>
            <datafield tag="650" ind1=" " ind2="7">
               <subfield code="a">Influence (Literary, artistic, etc.)</subfield>
               <subfield code="2">fast</subfield>
               <subfield code="0">(OCoLC)fst00972484</subfield>
            </datafield>
            <datafield tag="655" ind1=" " ind2="7">
               <subfield code="a">Criticism, interpretation, etc.</subfield>
               <subfield code="2">fast</subfield>
               <subfield code="0">(OCoLC)fst01411635</subfield>
            </datafield>
            <datafield tag="999" ind1=" " ind2=" ">
               <subfield code="a">PR6019.O9F59386 2016</subfield>
               <subfield code="w">LC</subfield>
               <subfield code="c">1</subfield>
               <subfield code="i">000079030137</subfield>
               <subfield code="d">5/30/2018</subfield>
               <subfield code="e">3/29/2018</subfield>
               <subfield code="l">PATTEE-3</subfield>
               <subfield code="m">UP-PAT</subfield>
               <subfield code="n">1</subfield>
               <subfield code="r">Y</subfield>
               <subfield code="s">Y</subfield>
               <subfield code="t">BOOK</subfield>
               <subfield code="u">8/9/2016</subfield>
            </datafield>
      </record>
    </metadata>
  </record>