
   <record> 
    <header>
      <identifier>oai:cat.libraries.psu.edu:18158479</identifier> 
      <datestamp>2022-12-16</datestamp>
      <setSpec>BOOK</setSpec> 
    </header>
    <metadata>
      <record xmlns="http://www.loc.gov/MARC21/slim" xsi:schemaLocation="http://www.loc.gov/MARC21/slim http://www.loc.gov/standards/marcxml/schema/MARC21slim.xsd" type="Bibliographic">
         <leader>     nam  22      a 4500</leader>
         <controlfield tag="008">151003t20162016txu           000 p eng d</controlfield>
            <datafield tag="010" ind1=" " ind2=" ">
               <subfield code="a">  2016930343</subfield>
            </datafield>
            <datafield tag="020" ind1=" " ind2=" ">
               <subfield code="a">9781477309575</subfield>
               <subfield code="q">(paperback)</subfield>
            </datafield>
            <datafield tag="020" ind1=" " ind2=" ">
               <subfield code="a">1477309578</subfield>
               <subfield code="q">(paperback)</subfield>
            </datafield>
            <datafield tag="035" ind1=" " ind2=" ">
               <subfield code="a">(OCoLC)922911528</subfield>
            </datafield>
            <datafield tag="041" ind1="1" ind2=" ">
               <subfield code="a">eng</subfield>
               <subfield code="a">heb</subfield>
               <subfield code="e">heb</subfield>
            </datafield>
            <datafield tag="050" ind1=" " ind2="4">
               <subfield code="a">PJ5055.22.I35</subfield>
               <subfield code="b">A2 2016</subfield>
            </datafield>
            <datafield tag="100" ind1="1" ind2=" ">
               <subfield code="a">Gidali, Orit,</subfield>
               <subfield code="e">author.</subfield>
            </datafield>
            <datafield tag="240" ind1="1" ind2="0">
               <subfield code="a">Poems.</subfield>
               <subfield code="k">Selections.</subfield>
               <subfield code="l">English.</subfield>
               <subfield code="f">2016</subfield>
            </datafield>
            <datafield tag="245" ind1="1" ind2="0">
               <subfield code="a">Twenty girls to envy me :</subfield>
               <subfield code="b">selected poems of Orit Gidali /</subfield>
               <subfield code="c">by Orit Gidali ; translated, edited, and introduced by Marcela Sulak.</subfield>
            </datafield>
            <datafield tag="264" ind1=" " ind2="1">
               <subfield code="a">Austin, Texas :</subfield>
               <subfield code="b">Center for Middle Eastern Studies, The University of Texas at Austin,</subfield>
               <subfield code="c">[2016]</subfield>
            </datafield>
            <datafield tag="264" ind1=" " ind2="4">
               <subfield code="c">©2016</subfield>
            </datafield>
            <datafield tag="300" ind1=" " ind2=" ">
               <subfield code="a">xxiv, 102 pages ;</subfield>
               <subfield code="c">22 cm</subfield>
            </datafield>
            <datafield tag="505" ind1="0" ind2="0">
               <subfield code="t">Did you pack it yourself? --</subfield>
               <subfield code="t">My beloved --</subfield>
               <subfield code="t">Note --</subfield>
               <subfield code="t">Hard morning --</subfield>
               <subfield code="t">Psalm --</subfield>
               <subfield code="t">The binding of Isaac V --</subfield>
               <subfield code="t">That girl --</subfield>
               <subfield code="t">Sarah laughed again --</subfield>
               <subfield code="t">Kohelet --</subfield>
               <subfield code="t">Isaac --</subfield>
               <subfield code="t">Samson and Absalom --</subfield>
               <subfield code="t">God of straw mothers --</subfield>
               <subfield code="t">We could have lived so well, you say, and gaze at her, still pretty --</subfield>
               <subfield code="t">Soon it will be dark --</subfield>
               <subfield code="t">Heir to the curfew --</subfield>
               <subfield code="t">Island --</subfield>
               <subfield code="t">Beggar --</subfield>
               <subfield code="t">The love, Yonatan --</subfield>
               <subfield code="t">Bird --</subfield>
               <subfield code="t">I call to tell a friend that my mother is dying --</subfield>
               <subfield code="t">Reverse Sati --</subfield>
               <subfield code="t">Yearning crumbs --</subfield>
               <subfield code="t">A thousand nights --</subfield>
               <subfield code="t">Child.</subfield>
            </datafield>
            <datafield tag="520" ind1=" " ind2=" ">
               <subfield code="a">Contains selected poems in English and the origianl Hebrew, selected from Twenty Girls to Envy Me, Closing In, and Cradle. Also includes two new poems: A Thousand Nights and Child.</subfield>
            </datafield>
            <datafield tag="546" ind1=" " ind2=" ">
               <subfield code="a">Parallel text in English and Hebrew.</subfield>
            </datafield>
            <datafield tag="655" ind1=" " ind2="7">
               <subfield code="a">Poetry.</subfield>
               <subfield code="2">lcgft</subfield>
               <subfield code="0">http://id.loc.gov/authorities/genreForms/gf2014026481</subfield>
            </datafield>
            <datafield tag="700" ind1="1" ind2=" ">
               <subfield code="a">Sulak, Marcela Malek,</subfield>
               <subfield code="e">translator,</subfield>
               <subfield code="e">editor,</subfield>
               <subfield code="e">writer of introduction.</subfield>
               <subfield code="0">http://id.loc.gov/authorities/names/n2011037497</subfield>
            </datafield>
            <datafield tag="999" ind1=" " ind2=" ">
               <subfield code="a">PJ5055.22.I35A2 2016</subfield>
               <subfield code="w">LC</subfield>
               <subfield code="c">1</subfield>
               <subfield code="i">000079030403</subfield>
               <subfield code="d">9/14/2018</subfield>
               <subfield code="e">4/30/2018</subfield>
               <subfield code="l">PATTEE-2</subfield>
               <subfield code="m">UP-PAT</subfield>
               <subfield code="r">Y</subfield>
               <subfield code="s">Y</subfield>
               <subfield code="t">BOOK</subfield>
               <subfield code="u">8/9/2016</subfield>
            </datafield>
      </record>
    </metadata>
  </record>