
   <record> 
    <header>
      <identifier>oai:cat.libraries.psu.edu:1815848</identifier> 
      <datestamp>2022-12-16</datestamp>
      <setSpec>BOOK</setSpec> 
    </header>
    <metadata>
      <record xmlns="http://www.loc.gov/MARC21/slim" xsi:schemaLocation="http://www.loc.gov/MARC21/slim http://www.loc.gov/standards/marcxml/schema/MARC21slim.xsd" type="Bibliographic">
         <leader>     cam  22      i 4500</leader>
         <controlfield tag="008">981207s1998    xxua     b    000 0 eng d</controlfield>
            <datafield tag="010" ind1=" " ind2=" ">
               <subfield code="a">   98008583</subfield>
            </datafield>
            <datafield tag="020" ind1=" " ind2=" ">
               <subfield code="a">0815331592 (alk. paper)</subfield>
            </datafield>
            <datafield tag="035" ind1=" " ind2=" ">
               <subfield code="a">LIAS2244905</subfield>
            </datafield>
            <datafield tag="035" ind1=" " ind2=" ">
               <subfield code="a">(OCoLC)39368298</subfield>
            </datafield>
            <datafield tag="050" ind1="0" ind2="0">
               <subfield code="a">E184.J3</subfield>
               <subfield code="b">A35 1998</subfield>
            </datafield>
            <datafield tag="100" ind1="1" ind2=" ">
               <subfield code="a">Adler, Susan Matoba,</subfield>
               <subfield code="d">1947-</subfield>
            </datafield>
            <datafield tag="245" ind1="1" ind2="0">
               <subfield code="a">Mothering, education, and ethnicity :</subfield>
               <subfield code="b">the transformation of Japanese American culture /</subfield>
               <subfield code="c">Susan Matoba Adler.</subfield>
            </datafield>
            <datafield tag="264" ind1=" " ind2="1">
               <subfield code="a">New York :</subfield>
               <subfield code="b">Garland Pub.,</subfield>
               <subfield code="c">1998.</subfield>
            </datafield>
            <datafield tag="300" ind1=" " ind2=" ">
               <subfield code="a">xiv, 204 pages :</subfield>
               <subfield code="b">illustrations ;</subfield>
               <subfield code="c">23 cm.</subfield>
            </datafield>
            <datafield tag="490" ind1="1" ind2=" ">
               <subfield code="a">Asian Americans</subfield>
            </datafield>
            <datafield tag="504" ind1=" " ind2=" ">
               <subfield code="a">Includes bibliographical references (pages 191-199) and index.</subfield>
            </datafield>
            <datafield tag="650" ind1=" " ind2="0">
               <subfield code="a">Japanese American women</subfield>
               <subfield code="x">Ethnic identity.</subfield>
            </datafield>
            <datafield tag="650" ind1=" " ind2="0">
               <subfield code="a">Japanese American women</subfield>
               <subfield code="x">Social life and customs.</subfield>
            </datafield>
            <datafield tag="650" ind1=" " ind2="0">
               <subfield code="a">Japanese American mothers.</subfield>
            </datafield>
            <datafield tag="650" ind1=" " ind2="0">
               <subfield code="a">Japanese American families.</subfield>
            </datafield>
            <datafield tag="650" ind1=" " ind2="0">
               <subfield code="a">Child rearing</subfield>
               <subfield code="z">United States.</subfield>
            </datafield>
            <datafield tag="650" ind1=" " ind2="0">
               <subfield code="a">Japanese Americans</subfield>
               <subfield code="x">Education.</subfield>
            </datafield>
            <datafield tag="650" ind1=" " ind2="0">
               <subfield code="a">Intergenerational relations</subfield>
               <subfield code="z">United States.</subfield>
            </datafield>
            <datafield tag="830" ind1=" " ind2="0">
               <subfield code="a">Asian Americans.</subfield>
            </datafield>
            <datafield tag="999" ind1=" " ind2=" ">
               <subfield code="a">E184.J3A35 1998</subfield>
               <subfield code="w">LC</subfield>
               <subfield code="c">1</subfield>
               <subfield code="i">000033488318</subfield>
               <subfield code="d">5/1/2008</subfield>
               <subfield code="e">3/13/2008</subfield>
               <subfield code="l">PATTEE-1A</subfield>
               <subfield code="m">UP-PAT</subfield>
               <subfield code="n">21</subfield>
               <subfield code="r">Y</subfield>
               <subfield code="s">Y</subfield>
               <subfield code="t">BOOK</subfield>
               <subfield code="u">4/13/2001</subfield>
            </datafield>
      </record>
    </metadata>
  </record>