
   <record> 
    <header>
      <identifier>oai:cat.libraries.psu.edu:18158480</identifier> 
      <datestamp>2022-12-16</datestamp>
      <setSpec>BOOK</setSpec> 
    </header>
    <metadata>
      <record xmlns="http://www.loc.gov/MARC21/slim" xsi:schemaLocation="http://www.loc.gov/MARC21/slim http://www.loc.gov/standards/marcxml/schema/MARC21slim.xsd" type="Bibliographic">
         <leader>     cam  22      i 4500</leader>
         <controlfield tag="008">151005s2016    mnua     b    001 0 eng  </controlfield>
            <datafield tag="010" ind1=" " ind2=" ">
               <subfield code="a">  2015036894</subfield>
            </datafield>
            <datafield tag="020" ind1=" " ind2=" ">
               <subfield code="a">9780816699483</subfield>
               <subfield code="q">hardcover ;</subfield>
               <subfield code="q">alkaline paper</subfield>
            </datafield>
            <datafield tag="020" ind1=" " ind2=" ">
               <subfield code="a">0816699488</subfield>
               <subfield code="q">hardcover ;</subfield>
               <subfield code="q">alkaline paper</subfield>
            </datafield>
            <datafield tag="020" ind1=" " ind2=" ">
               <subfield code="a">9780816699490</subfield>
               <subfield code="q">paperback ;</subfield>
               <subfield code="q">alkaline paper</subfield>
            </datafield>
            <datafield tag="020" ind1=" " ind2=" ">
               <subfield code="a">0816699496</subfield>
               <subfield code="q">paperback ;</subfield>
               <subfield code="q">alkaline paper</subfield>
            </datafield>
            <datafield tag="050" ind1="0" ind2="0">
               <subfield code="a">B2430.F724</subfield>
               <subfield code="b">G52 2016</subfield>
            </datafield>
            <datafield tag="082" ind1="0" ind2="0">
               <subfield code="a">955.05/42</subfield>
               <subfield code="2">23</subfield>
            </datafield>
            <datafield tag="100" ind1="1" ind2=" ">
               <subfield code="a">Ghamari-Tabrizi, Behrooz,</subfield>
               <subfield code="e">author.</subfield>
            </datafield>
            <datafield tag="245" ind1="1" ind2="0">
               <subfield code="a">Foucault in Iran :</subfield>
               <subfield code="b">Islamic Revolution after the Enlightenment /</subfield>
               <subfield code="c">Behrooz Ghamari-Tabrizi.</subfield>
            </datafield>
            <datafield tag="264" ind1=" " ind2="1">
               <subfield code="a">Minneapolis :</subfield>
               <subfield code="b">University of Minnesota Press,</subfield>
               <subfield code="c">[2016]</subfield>
            </datafield>
            <datafield tag="300" ind1=" " ind2=" ">
               <subfield code="a">xiii, 257 pages ;</subfield>
               <subfield code="c">22 cm.</subfield>
            </datafield>
            <datafield tag="490" ind1="0" ind2=" ">
               <subfield code="a">Muslim international</subfield>
            </datafield>
            <datafield tag="504" ind1=" " ind2=" ">
               <subfield code="a">Includes bibliographical references and index.</subfield>
            </datafield>
            <datafield tag="505" ind1="0" ind2=" ">
               <subfield code="a">Foucault's indictment -- Thinking the unthinkable: the revolutionary movement in Iran -- How did Foucault make sense of the Iranian revolution? -- Misrepresenting the Revolution, misreading Foucault -- The reign of terror, women's issues, and feminist politics -- Was ist Aufklärung? The Iranian revolution as a moment of enlightenment -- Conclusion: writing the history of the present.</subfield>
            </datafield>
            <datafield tag="600" ind1="1" ind2="0">
               <subfield code="a">Foucault, Michel,</subfield>
               <subfield code="d">1926-1984</subfield>
               <subfield code="x">Influence.</subfield>
            </datafield>
            <datafield tag="600" ind1="1" ind2="7">
               <subfield code="a">Foucault, Michel,</subfield>
               <subfield code="d">1926-1984</subfield>
               <subfield code="2">fast</subfield>
               <subfield code="0">(OCoLC)fst01427415</subfield>
            </datafield>
            <datafield tag="611" ind1="2" ind2="7">
               <subfield code="a">Revolution (Iran : 1979)</subfield>
               <subfield code="2">fast</subfield>
               <subfield code="0">(OCoLC)fst01354530</subfield>
            </datafield>
            <datafield tag="650" ind1=" " ind2="7">
               <subfield code="a">Historiography.</subfield>
               <subfield code="2">fast</subfield>
               <subfield code="0">(OCoLC)fst00958221</subfield>
            </datafield>
            <datafield tag="650" ind1=" " ind2="7">
               <subfield code="a">Influence (Literary, artistic, etc.)</subfield>
               <subfield code="2">fast</subfield>
               <subfield code="0">(OCoLC)fst00972484</subfield>
            </datafield>
            <datafield tag="651" ind1=" " ind2="0">
               <subfield code="a">Iran</subfield>
               <subfield code="x">History</subfield>
               <subfield code="y">Revolution, 1979.</subfield>
            </datafield>
            <datafield tag="651" ind1=" " ind2="0">
               <subfield code="a">Iran</subfield>
               <subfield code="x">History</subfield>
               <subfield code="y">Revolution, 1979</subfield>
               <subfield code="x">Historiography.</subfield>
            </datafield>
            <datafield tag="651" ind1=" " ind2="7">
               <subfield code="a">Iran.</subfield>
               <subfield code="2">fast</subfield>
               <subfield code="0">(OCoLC)fst01204889</subfield>
            </datafield>
            <datafield tag="655" ind1=" " ind2="7">
               <subfield code="a">History.</subfield>
               <subfield code="2">fast</subfield>
               <subfield code="0">(OCoLC)fst01411628</subfield>
            </datafield>
            <datafield tag="999" ind1=" " ind2=" ">
               <subfield code="a">B2430.F724G52 2016</subfield>
               <subfield code="w">LC</subfield>
               <subfield code="c">1</subfield>
               <subfield code="i">000079030090</subfield>
               <subfield code="d">11/4/2022</subfield>
               <subfield code="e">9/6/2022</subfield>
               <subfield code="l">PATTEE-BA</subfield>
               <subfield code="m">UP-PAT</subfield>
               <subfield code="n">6</subfield>
               <subfield code="r">Y</subfield>
               <subfield code="s">Y</subfield>
               <subfield code="t">BOOK</subfield>
               <subfield code="u">8/9/2016</subfield>
            </datafield>
      </record>
    </metadata>
  </record>