
   <record> 
    <header>
      <identifier>oai:cat.libraries.psu.edu:18158481</identifier> 
      <datestamp>2022-12-16</datestamp>
      <setSpec>BOOK</setSpec> 
    </header>
    <metadata>
      <record xmlns="http://www.loc.gov/MARC21/slim" xsi:schemaLocation="http://www.loc.gov/MARC21/slim http://www.loc.gov/standards/marcxml/schema/MARC21slim.xsd" type="Bibliographic">
         <leader>     cam  22     Mi 4500</leader>
         <controlfield tag="008">151005s2016    nyu      b    001 0 eng  </controlfield>
            <datafield tag="010" ind1=" " ind2=" ">
               <subfield code="a">  2015038588</subfield>
            </datafield>
            <datafield tag="020" ind1=" " ind2=" ">
               <subfield code="a">9780190465513</subfield>
               <subfield code="q">(hardcover ;</subfield>
               <subfield code="q">alk. paper)</subfield>
            </datafield>
            <datafield tag="020" ind1=" " ind2=" ">
               <subfield code="a">0190465514</subfield>
               <subfield code="q">(hardcover ;</subfield>
               <subfield code="q">alk. paper)</subfield>
            </datafield>
            <datafield tag="035" ind1=" " ind2=" ">
               <subfield code="a">(OCoLC)923256343</subfield>
            </datafield>
            <datafield tag="050" ind1="0" ind2="0">
               <subfield code="a">BQ4570.S7</subfield>
               <subfield code="b">M66 2016</subfield>
            </datafield>
            <datafield tag="082" ind1="0" ind2="0">
               <subfield code="a">294.3/372</subfield>
               <subfield code="2">23</subfield>
            </datafield>
            <datafield tag="100" ind1="1" ind2=" ">
               <subfield code="a">Moore, Matthew J.</subfield>
            </datafield>
            <datafield tag="245" ind1="1" ind2="0">
               <subfield code="a">Buddhism and political theory /</subfield>
               <subfield code="c">Matthew J. Moore.</subfield>
            </datafield>
            <datafield tag="264" ind1=" " ind2="1">
               <subfield code="a">New York :</subfield>
               <subfield code="b">Oxford University Press,</subfield>
               <subfield code="c">2016.</subfield>
            </datafield>
            <datafield tag="300" ind1=" " ind2=" ">
               <subfield code="a">viii, 198 pages ;</subfield>
               <subfield code="c">25 cm</subfield>
            </datafield>
            <datafield tag="504" ind1=" " ind2=" ">
               <subfield code="a">Includes bibliographical references and index.</subfield>
            </datafield>
            <datafield tag="505" ind1="0" ind2=" ">
               <subfield code="a">Buddhism and political thought -- Buddhism's theory of government -- Theory of government and political theory in early Buddhism -- The traditional Buddhist theory of government -- Buddhist modernism: 1850-1950 -- A Buddhist political theory -- Overcoming vs. letting go: Nietzsche and Buddha on the self and politics -- Theories of limited citizenship, east and west -- Buddhism, naturalistic ethics, and politics -- Buddhist political theory in the twenty-first century.</subfield>
            </datafield>
            <datafield tag="650" ind1=" " ind2="0">
               <subfield code="a">Buddhism and politics.</subfield>
            </datafield>
            <datafield tag="650" ind1=" " ind2="7">
               <subfield code="a">Buddhism and politics.</subfield>
               <subfield code="2">fast</subfield>
               <subfield code="0">(OCoLC)fst00840113</subfield>
            </datafield>
            <datafield tag="999" ind1=" " ind2=" ">
               <subfield code="a">BQ4570.S7M66 2016</subfield>
               <subfield code="w">LC</subfield>
               <subfield code="c">1</subfield>
               <subfield code="i">000079030021</subfield>
               <subfield code="d">6/17/2019</subfield>
               <subfield code="e">11/23/2016</subfield>
               <subfield code="l">PATTEE-BA</subfield>
               <subfield code="m">UP-PAT</subfield>
               <subfield code="n">1</subfield>
               <subfield code="q">1</subfield>
               <subfield code="r">Y</subfield>
               <subfield code="s">Y</subfield>
               <subfield code="t">BOOK</subfield>
               <subfield code="u">8/9/2016</subfield>
            </datafield>
      </record>
    </metadata>
  </record>