
   <record> 
    <header>
      <identifier>oai:cat.libraries.psu.edu:18158482</identifier> 
      <datestamp>2022-12-16</datestamp>
      <setSpec>BOOK</setSpec> 
      <setSpec>BOOKFLOAT</setSpec> 
    </header>
    <metadata>
      <record xmlns="http://www.loc.gov/MARC21/slim" xsi:schemaLocation="http://www.loc.gov/MARC21/slim http://www.loc.gov/standards/marcxml/schema/MARC21slim.xsd" type="Bibliographic">
         <leader>     cam  22      i 4500</leader>
         <controlfield tag="008">160217t20162016nyua     b    001 0 eng d</controlfield>
            <datafield tag="020" ind1=" " ind2=" ">
               <subfield code="a">9780071843843</subfield>
               <subfield code="q">(hardback)</subfield>
            </datafield>
            <datafield tag="020" ind1=" " ind2=" ">
               <subfield code="a">0071843841</subfield>
               <subfield code="q">(hardback)</subfield>
            </datafield>
            <datafield tag="035" ind1=" " ind2=" ">
               <subfield code="a">(OCoLC)956523535</subfield>
            </datafield>
            <datafield tag="050" ind1="1" ind2="4">
               <subfield code="a">TJ820</subfield>
               <subfield code="b">.J35  2016</subfield>
            </datafield>
            <datafield tag="082" ind1="0" ind2="4">
               <subfield code="a">621.312136</subfield>
               <subfield code="2">23</subfield>
            </datafield>
            <datafield tag="100" ind1="1" ind2=" ">
               <subfield code="a">Jain, Pramod,</subfield>
               <subfield code="d">1963-</subfield>
               <subfield code="e">author.</subfield>
               <subfield code="0">http://id.loc.gov/authorities/names/no2010157935</subfield>
            </datafield>
            <datafield tag="245" ind1="1" ind2="0">
               <subfield code="a">Wind energy engineering /</subfield>
               <subfield code="c">Pramod Jain.</subfield>
            </datafield>
            <datafield tag="250" ind1=" " ind2=" ">
               <subfield code="a">Second edition.</subfield>
            </datafield>
            <datafield tag="264" ind1=" " ind2="1">
               <subfield code="a">New York :</subfield>
               <subfield code="b">McGraw-Hill,</subfield>
               <subfield code="c">[2016]</subfield>
            </datafield>
            <datafield tag="264" ind1=" " ind2="4">
               <subfield code="c">©2016</subfield>
            </datafield>
            <datafield tag="300" ind1=" " ind2=" ">
               <subfield code="a">xxiii, 390 pages :</subfield>
               <subfield code="b">illustrations ;</subfield>
               <subfield code="c">24 cm</subfield>
            </datafield>
            <datafield tag="500" ind1=" " ind2=" ">
               <subfield code="a">Previous edition: 2011.</subfield>
            </datafield>
            <datafield tag="504" ind1=" " ind2=" ">
               <subfield code="a">Includes bibliographical references and index.</subfield>
            </datafield>
            <datafield tag="505" ind1="0" ind2=" ">
               <subfield code="a">Overview of wind energy business -- Basics of wind energy and power -- Properties of wind -- Aerodynamics of wind turbine blades -- Advances aerodynamics of wind turbine blades -- Wind measurement -- Wind resource assessment -- Advanced wind resource assessment -- Wind turbine generator components -- Basics of electricity and generators -- Deploying wind turbines in grid -- Environmental impact of wind projects -- Financial modeling of wind projects -- Planning and execution of wind projects -- Wind energy policy.</subfield>
            </datafield>
            <datafield tag="650" ind1=" " ind2="0">
               <subfield code="a">Wind power.</subfield>
               <subfield code="0">http://id.loc.gov/authorities/subjects/sh85146874</subfield>
            </datafield>
            <datafield tag="650" ind1=" " ind2="0">
               <subfield code="a">Wind turbines</subfield>
               <subfield code="x">Design and construction.</subfield>
            </datafield>
            <datafield tag="650" ind1=" " ind2="0">
               <subfield code="a">Renewable energy sources.</subfield>
               <subfield code="0">http://id.loc.gov/authorities/subjects/sh85112837</subfield>
            </datafield>
            <datafield tag="650" ind1=" " ind2="7">
               <subfield code="a">TECHNOLOGY &amp; ENGINEERING</subfield>
               <subfield code="x">Mechanical.</subfield>
               <subfield code="2">bisacsh</subfield>
            </datafield>
            <datafield tag="650" ind1=" " ind2="7">
               <subfield code="a">Wind power.</subfield>
               <subfield code="2">fast</subfield>
               <subfield code="0">(OCoLC)fst01175627</subfield>
            </datafield>
            <datafield tag="999" ind1=" " ind2=" ">
               <subfield code="a">TJ820.J35 2016</subfield>
               <subfield code="w">LC</subfield>
               <subfield code="c">1</subfield>
               <subfield code="i">000079030809</subfield>
               <subfield code="d">2/2/2020</subfield>
               <subfield code="e">2/2/2020</subfield>
               <subfield code="f">8/30/2016</subfield>
               <subfield code="g">2</subfield>
               <subfield code="k">CHECKEDOUT</subfield>
               <subfield code="l">STACKS-EG</subfield>
               <subfield code="m">UP-ENGIN</subfield>
               <subfield code="n">5</subfield>
               <subfield code="r">M</subfield>
               <subfield code="s">Y</subfield>
               <subfield code="t">BOOK</subfield>
               <subfield code="u">8/9/2016</subfield>
            </datafield>
            <datafield tag="999" ind1=" " ind2=" ">
               <subfield code="a">TJ820.J35 2016</subfield>
               <subfield code="w">LC</subfield>
               <subfield code="c">1</subfield>
               <subfield code="i">000079067218</subfield>
               <subfield code="d">6/15/2021</subfield>
               <subfield code="e">6/15/2021</subfield>
               <subfield code="k">MISSING</subfield>
               <subfield code="l">STACKS-HB3</subfield>
               <subfield code="m">HARRISBURG</subfield>
               <subfield code="r">M</subfield>
               <subfield code="s">Y</subfield>
               <subfield code="t">BOOKFLOAT</subfield>
               <subfield code="u">9/30/2016</subfield>
               <subfield code="o">.STAFF. GOBI</subfield>
            </datafield>
      </record>
    </metadata>
  </record>