
   <record> 
    <header>
      <identifier>oai:cat.libraries.psu.edu:18158483</identifier> 
      <datestamp>2022-12-16</datestamp>
      <setSpec>BOOK</setSpec> 
    </header>
    <metadata>
      <record xmlns="http://www.loc.gov/MARC21/slim" xsi:schemaLocation="http://www.loc.gov/MARC21/slim http://www.loc.gov/standards/marcxml/schema/MARC21slim.xsd" type="Bibliographic">
         <leader>     cam  22      i 4500</leader>
         <controlfield tag="008">151030s2016    wau           000 p eng  </controlfield>
            <datafield tag="010" ind1=" " ind2=" ">
               <subfield code="a">  2015039063</subfield>
            </datafield>
            <datafield tag="020" ind1=" " ind2=" ">
               <subfield code="a">9781556594922</subfield>
               <subfield code="q">paperback</subfield>
            </datafield>
            <datafield tag="020" ind1=" " ind2=" ">
               <subfield code="a">1556594925</subfield>
               <subfield code="q">paperback</subfield>
            </datafield>
            <datafield tag="035" ind1=" " ind2=" ">
               <subfield code="a">(OCoLC)923552936</subfield>
            </datafield>
            <datafield tag="050" ind1="0" ind2="0">
               <subfield code="a">PS3557.A444</subfield>
               <subfield code="b">A6 2016</subfield>
            </datafield>
            <datafield tag="082" ind1="0" ind2="0">
               <subfield code="a">811/.54</subfield>
               <subfield code="2">23</subfield>
            </datafield>
            <datafield tag="100" ind1="1" ind2=" ">
               <subfield code="a">Galvin, James,</subfield>
               <subfield code="e">author.</subfield>
            </datafield>
            <datafield tag="240" ind1="1" ind2="0">
               <subfield code="a">Poems.</subfield>
               <subfield code="k">Selections</subfield>
            </datafield>
            <datafield tag="245" ind1="1" ind2="0">
               <subfield code="a">Everything we always knew was true /</subfield>
               <subfield code="c">James Galvin.</subfield>
            </datafield>
            <datafield tag="264" ind1=" " ind2="1">
               <subfield code="a">Port Townsend, Washington :</subfield>
               <subfield code="b">Copper Canyon Press,</subfield>
               <subfield code="c">[2016]</subfield>
            </datafield>
            <datafield tag="300" ind1=" " ind2=" ">
               <subfield code="a">ix, 75 pages ;</subfield>
               <subfield code="c">23 cm</subfield>
            </datafield>
            <datafield tag="505" ind1="0" ind2=" ">
               <subfield code="a">Machine generated contents note: Roadside Ditch Natura Mona -- A Thousand and One Avatars -- Snow -- Bringing Down the House -- The Newlywed Acrobats -- Belief -- Cinque Terre -- What It's Like -- Five Paintings by Clara Van Waning -- What It's Like -- Bet -- On First Seeing a US Forest Service Aerial Photo of Where I Live -- Wildlife Management I -- Wildlife Management II -- Wildlife Management III -- Some Tree -- What It's Like -- A Sunday Morning in Humboldt County, California, Circa 1980 -- The Hunchback -- She Said It Was like Talking to a Post -- Another Fable -- What It's Like -- Isla de los Alcatraces -- Winter Scene: The Sign -- Why the Ocean Needs to Forget about Morris Louis -- Simon Says -- Chain Saw Dreams -- Thanksgiving on the Line -- Giving Up the Ghosts -- On the Sadness of Wedding Dresses -- Take as Needed for Pain -- Americanathon -- Heaven Is a Heavy House: Axe, Drawknife, Auger, Crosscut Saw -- The Last Time I Died -- Entering the Desert -- A Ceremony -- Convenience Store -- Long Distance -- What It's Like -- Arohanui -- Why I Am like New Zealand.</subfield>
            </datafield>
            <datafield tag="999" ind1=" " ind2=" ">
               <subfield code="a">PS3557.A444A6 2016</subfield>
               <subfield code="w">LC</subfield>
               <subfield code="c">1</subfield>
               <subfield code="i">000079030014</subfield>
               <subfield code="d">12/12/2018</subfield>
               <subfield code="e">12/12/2018</subfield>
               <subfield code="l">PATTEE-3</subfield>
               <subfield code="m">UP-PAT</subfield>
               <subfield code="n">2</subfield>
               <subfield code="r">Y</subfield>
               <subfield code="s">Y</subfield>
               <subfield code="t">BOOK</subfield>
               <subfield code="u">8/9/2016</subfield>
            </datafield>
      </record>
    </metadata>
  </record>