
   <record> 
    <header>
      <identifier>oai:cat.libraries.psu.edu:18158484</identifier> 
      <datestamp>2022-12-16</datestamp>
      <setSpec>BOOK</setSpec> 
    </header>
    <metadata>
      <record xmlns="http://www.loc.gov/MARC21/slim" xsi:schemaLocation="http://www.loc.gov/MARC21/slim http://www.loc.gov/standards/marcxml/schema/MARC21slim.xsd" type="Bibliographic">
         <leader>     cam  22     8i 4500</leader>
         <controlfield tag="008">150928s2016    iluab    b   s001 0 eng  </controlfield>
            <datafield tag="010" ind1=" " ind2=" ">
               <subfield code="a">  2015027982</subfield>
            </datafield>
            <datafield tag="020" ind1=" " ind2=" ">
               <subfield code="a">9780252039935</subfield>
               <subfield code="q">(cloth :</subfield>
               <subfield code="q">alk. paper)</subfield>
            </datafield>
            <datafield tag="020" ind1=" " ind2=" ">
               <subfield code="a">0252039939</subfield>
               <subfield code="q">(cloth :</subfield>
               <subfield code="q">alk. paper)</subfield>
            </datafield>
            <datafield tag="020" ind1=" " ind2=" ">
               <subfield code="a">9780252081446</subfield>
               <subfield code="q">(pbk. :</subfield>
               <subfield code="q">alk. paper)</subfield>
            </datafield>
            <datafield tag="020" ind1=" " ind2=" ">
               <subfield code="a">0252081447</subfield>
               <subfield code="q">(pbk. :</subfield>
               <subfield code="q">alk. paper)</subfield>
            </datafield>
            <datafield tag="050" ind1="0" ind2="0">
               <subfield code="a">F2651.S139</subfield>
               <subfield code="b">N475 2016</subfield>
            </datafield>
            <datafield tag="082" ind1="0" ind2="0">
               <subfield code="a">305.896/08142</subfield>
               <subfield code="2">23</subfield>
            </datafield>
            <datafield tag="100" ind1="1" ind2=" ">
               <subfield code="a">Smith, Christen A.,</subfield>
               <subfield code="d">1977-</subfield>
               <subfield code="e">author.</subfield>
            </datafield>
            <datafield tag="245" ind1="1" ind2="0">
               <subfield code="a">Afro-Paradise :</subfield>
               <subfield code="b">blackness, violence, and performance in Brazil /</subfield>
               <subfield code="c">Christen A. Smith.</subfield>
            </datafield>
            <datafield tag="264" ind1=" " ind2="1">
               <subfield code="a">Urbana ;</subfield>
               <subfield code="a">Chicago ;</subfield>
               <subfield code="a">Springfield :</subfield>
               <subfield code="b">University of Illinois Press,</subfield>
               <subfield code="c">[2016]</subfield>
            </datafield>
            <datafield tag="300" ind1=" " ind2=" ">
               <subfield code="a">xiv, 261 pages :</subfield>
               <subfield code="b">illustrations, map ;</subfield>
               <subfield code="c">23 cm</subfield>
            </datafield>
            <datafield tag="504" ind1=" " ind2=" ">
               <subfield code="a">Includes bibliographical references (pages 231-250) and index.</subfield>
            </datafield>
            <datafield tag="505" ind1="0" ind2=" ">
               <subfield code="a">Machine generated contents note: INTERLUDE I CULTURE SHOCK -- 1.Afro-Paradise: Where the Whip Tears the Flesh -- INTERLUDE II &quot;THE BERLIN WALL&quot; -- 2.The Paradox of Black Citizenship -- INTERLUDE III &quot;TERRORISM&quot; -- 3.The White Hand: State Magic and Signs of War -- INTERLUDE IV &quot;THE POLICE RAID&quot; -- 4.Palimpsestic Embodiment -- INTERLUDE V REPRISE -- 5.In and Out of the Ineffable.</subfield>
            </datafield>
            <datafield tag="650" ind1=" " ind2="0">
               <subfield code="a">Black people</subfield>
               <subfield code="z">Brazil</subfield>
               <subfield code="z">Salvador.</subfield>
            </datafield>
            <datafield tag="650" ind1=" " ind2="0">
               <subfield code="a">Black people</subfield>
               <subfield code="x">Race identity</subfield>
               <subfield code="z">Brazil</subfield>
               <subfield code="z">Salvador.</subfield>
            </datafield>
            <datafield tag="650" ind1=" " ind2="0">
               <subfield code="a">Black people</subfield>
               <subfield code="x">Crimes against</subfield>
               <subfield code="z">Brazil</subfield>
               <subfield code="z">Salvador.</subfield>
            </datafield>
            <datafield tag="651" ind1=" " ind2="0">
               <subfield code="a">Salvador (Brazil)</subfield>
               <subfield code="x">Race relations.</subfield>
            </datafield>
            <datafield tag="999" ind1=" " ind2=" ">
               <subfield code="a">F2651.S139N475 2016</subfield>
               <subfield code="w">LC</subfield>
               <subfield code="c">1</subfield>
               <subfield code="i">000079030328</subfield>
               <subfield code="d">5/10/2022</subfield>
               <subfield code="e">3/2/2022</subfield>
               <subfield code="l">PATTEE-1A</subfield>
               <subfield code="m">UP-PAT</subfield>
               <subfield code="n">8</subfield>
               <subfield code="r">Y</subfield>
               <subfield code="s">Y</subfield>
               <subfield code="t">BOOK</subfield>
               <subfield code="u">8/9/2016</subfield>
            </datafield>
      </record>
    </metadata>
  </record>