
   <record> 
    <header>
      <identifier>oai:cat.libraries.psu.edu:18158485</identifier> 
      <datestamp>2022-12-16</datestamp>
      <setSpec>BOOK</setSpec> 
    </header>
    <metadata>
      <record xmlns="http://www.loc.gov/MARC21/slim" xsi:schemaLocation="http://www.loc.gov/MARC21/slim http://www.loc.gov/standards/marcxml/schema/MARC21slim.xsd" type="Bibliographic">
         <leader>     cam  22      i 4500</leader>
         <controlfield tag="008">151006s2016    enkab    b    001 0 eng  </controlfield>
            <datafield tag="010" ind1=" " ind2=" ">
               <subfield code="a">  2015038421</subfield>
            </datafield>
            <datafield tag="020" ind1=" " ind2=" ">
               <subfield code="a">9781405153768</subfield>
               <subfield code="q">(hardback)</subfield>
            </datafield>
            <datafield tag="020" ind1=" " ind2=" ">
               <subfield code="a">1405153768</subfield>
               <subfield code="q">(hardback)</subfield>
            </datafield>
            <datafield tag="035" ind1=" " ind2=" ">
               <subfield code="a">(OCoLC)923728077</subfield>
            </datafield>
            <datafield tag="050" ind1="0" ind2="0">
               <subfield code="a">BR145.3</subfield>
               <subfield code="b">.W54 2016</subfield>
            </datafield>
            <datafield tag="082" ind1="0" ind2="0">
               <subfield code="a">270</subfield>
               <subfield code="2">23</subfield>
            </datafield>
            <datafield tag="245" ind1="0" ind2="4">
               <subfield code="a">The Wiley Blackwell companion to world Christianity /</subfield>
               <subfield code="c">edited by Lamin Sanneh and Michael J. McClymond.</subfield>
            </datafield>
            <datafield tag="246" ind1="3" ind2="0">
               <subfield code="a">Companion to world Christianity</subfield>
            </datafield>
            <datafield tag="246" ind1="3" ind2="0">
               <subfield code="a">World Christianity</subfield>
            </datafield>
            <datafield tag="264" ind1=" " ind2="1">
               <subfield code="a">Chichester, West Sussex, UK ;</subfield>
               <subfield code="a">Malden, MA, USA :</subfield>
               <subfield code="b">Wiley Blackwell,</subfield>
               <subfield code="c">2016.</subfield>
            </datafield>
            <datafield tag="300" ind1=" " ind2=" ">
               <subfield code="a">xxiii, 758 pages :</subfield>
               <subfield code="b">illustrations, maps ;</subfield>
               <subfield code="c">25 cm.</subfield>
            </datafield>
            <datafield tag="490" ind1="1" ind2=" ">
               <subfield code="a">The Wiley Blackwell companions to religion</subfield>
            </datafield>
            <datafield tag="504" ind1=" " ind2=" ">
               <subfield code="a">Includes bibliographical references and index.</subfield>
            </datafield>
            <datafield tag="505" ind1="0" ind2="0">
               <subfield code="g">Introduction /</subfield>
               <subfield code="r">Lamin Sanneh,</subfield>
               <subfield code="r">Michael J. McClymond --</subfield>
               <subfield code="g">I.</subfield>
               <subfield code="t">Historical section.</subfield>
               <subfield code="g">A .</subfield>
               <subfield code="t">The roots (50-1750 CE)</subfield>
               <subfield code="t">Jewish and Hellenic worlds and Christian origins /</subfield>
               <subfield code="r">John J. Collins --</subfield>
               <subfield code="t">The &quot;triumph&quot; of Hellenization in early Christianity /</subfield>
               <subfield code="r">Wendy Elgersma Helleman --</subfield>
               <subfield code="t">Ancient Eastern Christianity : Syria, Persia, Central Asia, and India /</subfield>
               <subfield code="r">Scott W. Sunquist --</subfield>
               <subfield code="t">Christianity and the European conversions /</subfield>
               <subfield code="r">Tomás O'Sullivan --</subfield>
               <subfield code="t">Byzantium and Islam in the Mediterranean world /</subfield>
               <subfield code="r">James C. Skedros --</subfield>
               <subfield code="t">The medieval synthesis : religion, society, and culture /</subfield>
               <subfield code="r">Joseph P. Huffmann --</subfield>
               <subfield code="t">Early modern missions and maritime expansion /</subfield>
               <subfield code="r">Felipe Fernandez-Armesto --</subfield>
               <subfield code="t">Bibles, printing, books, churches /</subfield>
               <subfield code="r">Lori Ferrell --</subfield>
               <subfield code="t">The Protestant Reformation and the Catholic Reformation /</subfield>
               <subfield code="r">Jeffrey Klaiber --</subfield>
            </datafield>
            <datafield tag="505" ind1="0" ind2="0">
               <subfield code="g">B.</subfield>
               <subfield code="t">Issues in the modern period (1750-2000 CE) --</subfield>
               <subfield code="t">The legacy of Christendom /</subfield>
               <subfield code="r">Philip Jenkins --</subfield>
               <subfield code="t">Slavery, antislavery, and Christianity : Africa, Latin America, and the Caribbean /</subfield>
               <subfield code="r">Christopher Schmidt-Nowara --</subfield>
               <subfield code="t">Medicine, agriculture, and technology in the missionary enterprise /</subfield>
               <subfield code="r">Christopher H. Grundmann --</subfield>
               <subfield code="t">Schools and education in the missionary enterprise /</subfield>
               <subfield code="r">Norman Etherington --</subfield>
               <subfield code="t">Conversion, converts and national identity /</subfield>
               <subfield code="r">J. Kwabena Asamoah-Gyadu --</subfield>
               <subfield code="t">Church and state relations in the colonial period /</subfield>
               <subfield code="r">Brian Stanley --</subfield>
               <subfield code="t">Ideologies, the quest for a just society, and Christian responses /</subfield>
               <subfield code="r">Govert Buijs --</subfield>
               <subfield code="t">The ecumenical movement : why violence, why not peace? /</subfield>
               <subfield code="r">Jan van Butselaar --</subfield>
               <subfield code="t">Vatican II : renewal, accommodation, inculturation /</subfield>
               <subfield code="r">Peter C. Phan --</subfield>
               <subfield code="t">Christian revival and renewal movements /</subfield>
               <subfield code="r">Michael J. McClymond --</subfield>
            </datafield>
            <datafield tag="505" ind1="0" ind2="0">
               <subfield code="g">II.</subfield>
               <subfield code="t">Thematic section.</subfield>
               <subfield code="t">Bible translation, culture, and religion /</subfield>
               <subfield code="r">Lamin Sanneh --</subfield>
               <subfield code="t">Christianity and interreligious encounters /</subfield>
               <subfield code="r">Martin Ganeri --</subfield>
               <subfield code="t">Women in church, state, and society /</subfield>
               <subfield code="r">Angelyn Dries --</subfield>
               <subfield code="t">Worship, liturgy, sacraments /</subfield>
               <subfield code="r">Geoffrey Wainwright --</subfield>
               <subfield code="t">Freedom, persecution, and the status of Christian minorities /</subfield>
               <subfield code="r">John Witte, Jr.,</subfield>
               <subfield code="r">M. Christian Green --</subfield>
               <subfield code="t">Christianity and &quot;western classical&quot; music (1700-2000) /</subfield>
               <subfield code="r">David Martin --</subfield>
               <subfield code="t">Music in the newer churches /</subfield>
               <subfield code="r">Brian Schrag --</subfield>
               <subfield code="t">Visual arts in world Christianity /</subfield>
               <subfield code="r">Volker Küster --</subfield>
               <subfield code="t">Church architecture worldwide since 1800 /</subfield>
               <subfield code="r">David R. Bains --</subfield>
               <subfield code="t">Charismatic gifts : healing, tongue-speaking, prophecy, and exorcism /</subfield>
               <subfield code="r">Michael J. McClymond --</subfield>
               <subfield code="t">Changing uses of old and new media in world Christianity /</subfield>
               <subfield code="r">Jolyon Mitchell,</subfield>
               <subfield code="r">Jeremy Kidwell --</subfield>
               <subfield code="t">Global evangelical and Pentecostal politics /</subfield>
               <subfield code="r">Paul Freston --</subfield>
            </datafield>
            <datafield tag="505" ind1="0" ind2="0">
               <subfield code="g">III.</subfield>
               <subfield code="t">Christianity since 1800 : an analysis by regions and traditions.</subfield>
               <subfield code="t">The Middle East and North Africa, I : Egypt and North Africa /</subfield>
               <subfield code="r">George Berbary --</subfield>
               <subfield code="t">The Middle East and North Africa, II : Christians in the Ottoman Empire and in Bilad al-Sham /</subfield>
               <subfield code="r">Souad Slim --</subfield>
               <subfield code="t">African Christianity : historical and thematic horizons /</subfield>
               <subfield code="r">Lamin Sanneh --</subfield>
               <subfield code="t">Christianity in Western Europe /</subfield>
               <subfield code="r">Simon Coleman --</subfield>
               <subfield code="t">Russia and Eastern Europe /</subfield>
               <subfield code="r">Scott M. Kenworthy --</subfield>
               <subfield code="t">Latin America and the Caribbean /</subfield>
               <subfield code="r">Stephen Dove --</subfield>
               <subfield code="t">North America /</subfield>
               <subfield code="r">Amanda Porterfield --</subfield>
               <subfield code="t">South Asia /</subfield>
               <subfield code="r">Chandra Mallampalli --</subfield>
               <subfield code="t">China /</subfield>
               <subfield code="r">Daniel H. Bays --</subfield>
               <subfield code="t">Korea, Japan, the Philippines, and Southeast Asia /</subfield>
               <subfield code="r">J. Nelson Jennings,</subfield>
               <subfield code="r">Yong Kyu Park,</subfield>
               <subfield code="r">Antolin V. Uy --</subfield>
            </datafield>
            <datafield tag="505" ind1="0" ind2="0">
               <subfield code="t">Christianity in Australia and Oceania (ca. 1800-2000) /</subfield>
               <subfield code="r">Stuart Piggin,</subfield>
               <subfield code="r">Peter Lineham --</subfield>
               <subfield code="t">The historical development of Christianity in Oceania /</subfield>
               <subfield code="r">Manfred Ernst,</subfield>
               <subfield code="r">Anna Anisi --</subfield>
               <subfield code="t">Roman Catholicism since 1800 /</subfield>
               <subfield code="r">Thomas P. Rausch --</subfield>
               <subfield code="t">Orthodoxy and Eastern Christianity /</subfield>
               <subfield code="r">John A. McGuckin --</subfield>
               <subfield code="t">Anglicanism /</subfield>
               <subfield code="r">Kevin Ward --</subfield>
               <subfield code="t">Protestantism /</subfield>
               <subfield code="r">Alister McGrath --</subfield>
               <subfield code="t">Pentecostal and Charismatic Christianity /</subfield>
               <subfield code="r">Allan H. Anderson --</subfield>
               <subfield code="t">Indigenous and vernacular Christianity /</subfield>
               <subfield code="r">Michèle Miller Sigg,</subfield>
               <subfield code="r">Eva M. Pascal,</subfield>
               <subfield code="r">Gina A. Zurlo --</subfield>
               <subfield code="g">IV.</subfield>
               <subfield code="t">Expansion and secularization : a demographic and statistical analysis.</subfield>
               <subfield code="t">The transmission of Christian faith : a reflection /</subfield>
               <subfield code="r">Andrew Walls --</subfield>
               <subfield code="t">The demographics and dynamics of the world Christian movement /</subfield>
               <subfield code="r">Todd M. Johnson --</subfield>
               <subfield code="t">Christianity in Europe and North America : decline, transition, or pluralization? /</subfield>
               <subfield code="r">David Martin.</subfield>
            </datafield>
            <datafield tag="520" ind1=" " ind2=" ">
               <subfield code="a">The Wiley Blackwell Companion to World Christianity provides a rich and comprehensive account of the rise, spread, and influence of Christianity throughout the world. Bringing together an outstanding group of international scholars in religion and religious history, the chapters cover all geographical regions of the world, and selected movements, themes, and theological issues in global Christian history. Topics covered in the historical section include the origins and expansion of Christianity, including the Protestant and Catholic reformations; considerations of slavery, missionaries, the Ecumenical movement, Vatican II, and many more. Thematic readings include discussions of Bible translations, women in the church, music and visual arts in world Christianity, and evangelical politics. Further readings explore the evolution of regional Christian traditions over the past two centuries in locales ranging from the Americas and Europe to Africa, Asia, and the South Pacific. A final section offers insights into global expansion, decline, and secularization in contemporary Christianity. Drawing on impeccable international scholarship, The Wiley Blackwell Companion to World Christianity offers invaluable insights into the key issues surrounding a religion that is embraced by nearly a third of the global population. --Book Jacket.</subfield>
            </datafield>
            <datafield tag="650" ind1=" " ind2="0">
               <subfield code="a">Christianity.</subfield>
            </datafield>
            <datafield tag="650" ind1=" " ind2="0">
               <subfield code="a">Church history.</subfield>
            </datafield>
            <datafield tag="650" ind1=" " ind2="7">
               <subfield code="a">Christianity.</subfield>
               <subfield code="2">fast</subfield>
               <subfield code="0">(OCoLC)fst00859599</subfield>
            </datafield>
            <datafield tag="650" ind1=" " ind2="7">
               <subfield code="a">Church history.</subfield>
               <subfield code="2">fast</subfield>
               <subfield code="0">(OCoLC)fst00860740</subfield>
            </datafield>
            <datafield tag="700" ind1="1" ind2=" ">
               <subfield code="a">Sanneh, Lamin O.,</subfield>
               <subfield code="e">editor.</subfield>
            </datafield>
            <datafield tag="700" ind1="1" ind2=" ">
               <subfield code="a">McClymond, Michael James,</subfield>
               <subfield code="d">1958-</subfield>
               <subfield code="e">editor.</subfield>
            </datafield>
            <datafield tag="830" ind1=" " ind2="0">
               <subfield code="a">Wiley-Blackwell companions to religion.</subfield>
            </datafield>
            <datafield tag="999" ind1=" " ind2=" ">
               <subfield code="a">BR145.3.W54 2016</subfield>
               <subfield code="w">LC</subfield>
               <subfield code="c">1</subfield>
               <subfield code="i">000079030250</subfield>
               <subfield code="d">5/24/2022</subfield>
               <subfield code="e">5/2/2022</subfield>
               <subfield code="l">PATTEE-BA</subfield>
               <subfield code="m">UP-PAT</subfield>
               <subfield code="n">2</subfield>
               <subfield code="r">Y</subfield>
               <subfield code="s">Y</subfield>
               <subfield code="t">BOOK</subfield>
               <subfield code="u">8/9/2016</subfield>
            </datafield>
      </record>
    </metadata>
  </record>