
   <record> 
    <header>
      <identifier>oai:cat.libraries.psu.edu:18158486</identifier> 
      <datestamp>2022-12-16</datestamp>
      <setSpec>BOOK</setSpec> 
    </header>
    <metadata>
      <record xmlns="http://www.loc.gov/MARC21/slim" xsi:schemaLocation="http://www.loc.gov/MARC21/slim http://www.loc.gov/standards/marcxml/schema/MARC21slim.xsd" type="Bibliographic">
         <leader>     cam  22      i 4500</leader>
         <controlfield tag="008">151028s2016    nyu      b    001 0 eng  </controlfield>
            <datafield tag="010" ind1=" " ind2=" ">
               <subfield code="a">  2015041664</subfield>
            </datafield>
            <datafield tag="020" ind1=" " ind2=" ">
               <subfield code="a">9780521883207</subfield>
               <subfield code="q">(hardback)</subfield>
            </datafield>
            <datafield tag="020" ind1=" " ind2=" ">
               <subfield code="a">0521883202</subfield>
               <subfield code="q">(hardback)</subfield>
            </datafield>
            <datafield tag="020" ind1=" " ind2=" ">
               <subfield code="a">9780521709651</subfield>
               <subfield code="q">(paperback)</subfield>
            </datafield>
            <datafield tag="020" ind1=" " ind2=" ">
               <subfield code="a">0521709652</subfield>
               <subfield code="q">(paperback)</subfield>
            </datafield>
            <datafield tag="024" ind1="8" ind2=" ">
               <subfield code="a">40026266167</subfield>
            </datafield>
            <datafield tag="035" ind1=" " ind2=" ">
               <subfield code="a">(OCoLC)925497419</subfield>
            </datafield>
            <datafield tag="050" ind1="0" ind2="0">
               <subfield code="a">BS1140.3</subfield>
               <subfield code="b">.C35 2016</subfield>
            </datafield>
            <datafield tag="082" ind1="0" ind2="0">
               <subfield code="a">221.6</subfield>
               <subfield code="2">23</subfield>
            </datafield>
            <datafield tag="245" ind1="0" ind2="4">
               <subfield code="a">The Cambridge companion to the Hebrew Bible/Old Testament /</subfield>
               <subfield code="c">[edited by] Stephen B. Chapman, Duke University, Marvin A. Sweeney, Claremont School of Theology.</subfield>
            </datafield>
            <datafield tag="264" ind1=" " ind2="1">
               <subfield code="a">New York, NY :</subfield>
               <subfield code="b">Cambridge University Press,</subfield>
               <subfield code="c">2016.</subfield>
            </datafield>
            <datafield tag="300" ind1=" " ind2=" ">
               <subfield code="a">xvii, 525 pages ;</subfield>
               <subfield code="c">23 cm.</subfield>
            </datafield>
            <datafield tag="490" ind1="1" ind2=" ">
               <subfield code="a">Cambridge companions to religion</subfield>
            </datafield>
            <datafield tag="504" ind1=" " ind2=" ">
               <subfield code="a">Includes bibliographical references and index.</subfield>
            </datafield>
            <datafield tag="505" ind1="0" ind2="0">
               <subfield code="t">Texts, titles, and translations /</subfield>
               <subfield code="r">James C. VanderKam --</subfield>
               <subfield code="t">Collections, canons, and communities /</subfield>
               <subfield code="r">Stephen B. Chapman --</subfield>
               <subfield code="t">The ancient Near Eastern context /</subfield>
               <subfield code="r">Kenton L. Sparks --</subfield>
               <subfield code="t">The history of Israelite religion /</subfield>
               <subfield code="r">Brent A. Strawn --</subfield>
               <subfield code="t">The Hebrew Bible and history /</subfield>
               <subfield code="r">Marc Zvi Brettler --</subfield>
               <subfield code="t">Historical-critical methods /</subfield>
               <subfield code="r">John J. Collins --</subfield>
               <subfield code="t">Social science models /</subfield>
               <subfield code="r">Victor H. Matthews --</subfield>
               <subfield code="t">Literary approaches to the Hebrew Bible /</subfield>
               <subfield code="r">Adele Berlin --</subfield>
               <subfield code="t">The Pentateuch and Israelite law /</subfield>
               <subfield code="r">Thomas B. Dozeman --</subfield>
               <subfield code="t">The Former Prophets and historiography /</subfield>
               <subfield code="r">Richard D. Nelson --</subfield>
               <subfield code="t">The Latter Prophets and prophecy /</subfield>
               <subfield code="r">Marvin A. Sweeney --</subfield>
               <subfield code="t">The Psalms and Hebrew poetry /</subfield>
               <subfield code="r">William P. Brown --</subfield>
               <subfield code="t">Wisdom /</subfield>
               <subfield code="r">Samuel E. Balentine --</subfield>
               <subfield code="t">Late historical books and rewritten history /</subfield>
               <subfield code="r">Ehud Ben Zvi --</subfield>
               <subfield code="t">The biblical short story /</subfield>
               <subfield code="r">Lawrence M. Wills --</subfield>
               <subfield code="t">Apocalyptic writings /</subfield>
               <subfield code="r">Stephen L. Cook --</subfield>
               <subfield code="t">Deuterocanonical/apocryphal books /</subfield>
               <subfield code="r">Sharon Pace --</subfield>
               <subfield code="t">The Hebrew Bible in Judaism /</subfield>
               <subfield code="r">Frederick E. Greenspahn --</subfield>
               <subfield code="t">The Old Testament in Christianity /</subfield>
               <subfield code="r">R.W.L. Moberly --</subfield>
               <subfield code="t">The Hebrew Bible in Islam /</subfield>
               <subfield code="r">Walid A. Saleh --</subfield>
               <subfield code="t">The Hebrew Bible in art and literature /</subfield>
               <subfield code="r">David Lyle Jeffrey --</subfield>
               <subfield code="t">The Old Testament in public: the Ten Commandments, evolution, and Sabbath closing laws /</subfield>
               <subfield code="r">Nancy J. Duff --</subfield>
               <subfield code="t">The theology of the Hebrew Bible/Old Testament /</subfield>
               <subfield code="r">John Goldingay.</subfield>
            </datafield>
            <datafield tag="520" ind1=" " ind2=" ">
               <subfield code="a">&quot;This Companion offers a concise and engaging introduction to the Hebrew Bible or Old Testament. Providing an up-to-date 'snapshot' of scholarship, it includes essays, specially commissioned for this volume, by twenty-three leading scholars. The volume examines a range of topics, including the historical and religious contexts for the contents of the biblical canon, and critical approaches and methods, as well as newer topics such as the Hebrew Bible in Islam, Western art and literature, and contemporary politics. This Companion is an excellent resource for students at university and graduate level, as well as for laypeople and scholars in other fields who would like to gain an understanding of the current state of the academic discussion. The book does not presume prior knowledge, nor does it engage in highly technical discussions, but it does go into greater detail than a typical introductory textbook&quot;--</subfield>
               <subfield code="c">Provided by publisher.</subfield>
            </datafield>
            <datafield tag="630" ind1="0" ind2="0">
               <subfield code="a">Bible.</subfield>
               <subfield code="p">Old Testament</subfield>
               <subfield code="v">Introductions.</subfield>
            </datafield>
            <datafield tag="630" ind1="0" ind2="4">
               <subfield code="a">Bible.</subfield>
               <subfield code="p">Old Testament - Introductions.</subfield>
            </datafield>
            <datafield tag="630" ind1="0" ind2="7">
               <subfield code="a">Bible.</subfield>
               <subfield code="p">Old Testament.</subfield>
               <subfield code="2">fast</subfield>
               <subfield code="0">(OCoLC)fst01808092</subfield>
            </datafield>
            <datafield tag="630" ind1="0" ind2="7">
               <subfield code="a">Bibel</subfield>
               <subfield code="p">Altes Testament.</subfield>
               <subfield code="2">gnd</subfield>
            </datafield>
            <datafield tag="630" ind1="0" ind2="7">
               <subfield code="a">Biblia Hebraica.</subfield>
               <subfield code="2">gnd</subfield>
            </datafield>
            <datafield tag="650" ind1=" " ind2="7">
               <subfield code="a">Einleitung.</subfield>
               <subfield code="2">gnd</subfield>
            </datafield>
            <datafield tag="655" ind1=" " ind2="7">
               <subfield code="a">Introductions.</subfield>
               <subfield code="2">fast</subfield>
               <subfield code="0">(OCoLC)fst01423833</subfield>
            </datafield>
            <datafield tag="700" ind1="1" ind2=" ">
               <subfield code="a">Chapman, Stephen B.,</subfield>
               <subfield code="d">1962-</subfield>
               <subfield code="e">editor.</subfield>
               <subfield code="0">http://id.loc.gov/authorities/names/no2001041031</subfield>
            </datafield>
            <datafield tag="700" ind1="1" ind2=" ">
               <subfield code="a">Sweeney, Marvin A.</subfield>
               <subfield code="q">(Marvin Alan),</subfield>
               <subfield code="d">1953-</subfield>
               <subfield code="e">editor.</subfield>
               <subfield code="0">http://id.loc.gov/authorities/names/n86119259</subfield>
            </datafield>
            <datafield tag="830" ind1=" " ind2="0">
               <subfield code="a">Cambridge companions to religion.</subfield>
               <subfield code="0">http://id.loc.gov/authorities/names/n97073126</subfield>
            </datafield>
            <datafield tag="999" ind1=" " ind2=" ">
               <subfield code="a">BS1140.3.C35 2016</subfield>
               <subfield code="w">LC</subfield>
               <subfield code="c">1</subfield>
               <subfield code="i">000078510128</subfield>
               <subfield code="d">3/22/2018</subfield>
               <subfield code="e">5/11/2017</subfield>
               <subfield code="l">PATTEE-BA</subfield>
               <subfield code="m">UP-PAT</subfield>
               <subfield code="q">1</subfield>
               <subfield code="r">Y</subfield>
               <subfield code="s">Y</subfield>
               <subfield code="t">BOOK</subfield>
               <subfield code="u">8/9/2016</subfield>
            </datafield>
      </record>
    </metadata>
  </record>