
   <record> 
    <header>
      <identifier>oai:cat.libraries.psu.edu:18158488</identifier> 
      <datestamp>2022-12-16</datestamp>
      <setSpec>BOOK</setSpec> 
    </header>
    <metadata>
      <record xmlns="http://www.loc.gov/MARC21/slim" xsi:schemaLocation="http://www.loc.gov/MARC21/slim http://www.loc.gov/standards/marcxml/schema/MARC21slim.xsd" type="Bibliographic">
         <leader>     cam  22     Ii 4500</leader>
         <controlfield tag="008">151030t20162016njua     b    001 0 eng  </controlfield>
            <datafield tag="010" ind1=" " ind2=" ">
               <subfield code="a">  2015041649</subfield>
            </datafield>
            <datafield tag="020" ind1=" " ind2=" ">
               <subfield code="a">9780691170541</subfield>
               <subfield code="q">hardcover ;</subfield>
               <subfield code="q">alkaline paper</subfield>
            </datafield>
            <datafield tag="020" ind1=" " ind2=" ">
               <subfield code="a">0691170541</subfield>
               <subfield code="q">hardcover ;</subfield>
               <subfield code="q">alkaline paper</subfield>
            </datafield>
            <datafield tag="020" ind1=" " ind2=" ">
               <subfield code="a">9780691170558</subfield>
               <subfield code="q">paperback ;</subfield>
               <subfield code="q">alkaline paper</subfield>
            </datafield>
            <datafield tag="020" ind1=" " ind2=" ">
               <subfield code="a">069117055X</subfield>
               <subfield code="q">paperback ;</subfield>
               <subfield code="q">alkaline paper</subfield>
            </datafield>
            <datafield tag="050" ind1="0" ind2="0">
               <subfield code="a">QA571</subfield>
               <subfield code="b">.I37 2016</subfield>
            </datafield>
            <datafield tag="082" ind1="0" ind2="0">
               <subfield code="a">516.3/52</subfield>
               <subfield code="2">23</subfield>
            </datafield>
            <datafield tag="100" ind1="1" ind2=" ">
               <subfield code="a">Ikromov, Isroil A.,</subfield>
               <subfield code="d">1961-</subfield>
               <subfield code="e">author.</subfield>
            </datafield>
            <datafield tag="245" ind1="1" ind2="0">
               <subfield code="a">Fourier restriction for hypersurfaces in three dimensions and Newton polyhedra /</subfield>
               <subfield code="c">Isroil A. Ikromov, Detlef Müller.</subfield>
            </datafield>
            <datafield tag="264" ind1=" " ind2="1">
               <subfield code="a">Princeton :</subfield>
               <subfield code="b">Princeton University Press,</subfield>
               <subfield code="c">2016.</subfield>
            </datafield>
            <datafield tag="264" ind1=" " ind2="4">
               <subfield code="c">©2016</subfield>
            </datafield>
            <datafield tag="300" ind1=" " ind2=" ">
               <subfield code="a">viii, 258 pages ;</subfield>
               <subfield code="c">25 cm.</subfield>
            </datafield>
            <datafield tag="490" ind1="1" ind2=" ">
               <subfield code="a">Annals of mathematics studies ;</subfield>
               <subfield code="v">number 194</subfield>
            </datafield>
            <datafield tag="504" ind1=" " ind2=" ">
               <subfield code="a">Includes bibliographical references and index.</subfield>
            </datafield>
            <datafield tag="505" ind1="0" ind2=" ">
               <subfield code="a">Machine generated contents note: ch. 1 Introduction -- 1.1.Newton Polyhedra Associated with ø, Adapted Coordinates, and Uniform Estimates for Oscillatory Integrals with Phase ø -- 1.2.Fourier Restriction in the Presence of a Linear Coordinate System That Is Adapted to ø -- 1.3.Fourier Restriction When No Linear Coordinate System Is Adapted to ø---the Analytic Case -- 1.4.Smooth Hypersurfaces of Finite Type, Condition (R), and the General Restriction Theorem -- 1.5.An Invariant Description of the Notion of r-Height -- 1.6.Organization of the Monograph and Strategy of Proof -- ch. 2 Auxiliary Results -- 2.1.Van der Corput--Type Estimates -- 2.2.Airy-Type Integrals -- 2.3.Integral Estimates of van der Corput Type -- 2.4.Fourier Restriction via Real Interpolation -- 2.5.Uniform Estimates for Families of Oscillatory Sums -- 2.6.Normal Forms of ø under Linear Coordinate Changes When hlin (ø) &gt; 2 -- ch. 3 Reduction to Restriction Estimates near the Principal Root Jet -- ch. 4 Restriction for Surfaces with Linear Height below 2 -- 4.1.Preliminary Reductions by Means of Littlewood-Paley Decompositions -- 4.2.Restriction Estimates for Normalized Rescaled Measures When 22jδ3&lt; 1 -- ch. 5 Improved Estimates by Means of Airy-Type Analysis -- 5.1.Airy-Type Decompositions Required for Proposition 4.2(c) -- 5.2.The Endpoint in Proposition 4.2(c): Complex Interpolation -- 5.3.Proof of Proposition 4.2(a), (b): Complex Interpolation -- ch. 6 The Case When hlin (ø) [&amp;#x2265;] 2: Preparatory Results -- 6.1.The First Domain Decomposition -- 6.2.Restriction Estimates in the Transition Domains El When hlin(ø) [&amp;#x2265;] 2 -- 6.3.Restriction Estimates in the Domains Dl, l &gt; lpr, When hlin (ø)[&amp;#x2265;]2 -- 6.4.Restriction Estimates in the Domain Dpr When hlin (ø)[&amp;#x2265;] 5 -- 6.5.Refined Domain Decomposition of Dpr: The Stopping-Time Algorithm -- ch. 7 How to Go beyond the Case hlin (ø) [&amp;#x2265;] 5 -- 7.1.The Case When hlin (ø)[&amp;#x2265;] 2: Reminder of the Open Cases -- 7.2.Restriction Estimates for the Domains D'(1) Reduction to Normalized Measures vδ -- 7.3.Removal of the Term y2 B--1 bB--1 (y1) in (7.7) -- 7.4.Lower Bounds for hr (ø) -- 7.5.Spectral Localization to Frequency Boxes Where </subfield>
               <subfield code="">i </subfield>
               <subfield code=" ">~λ: The Case Where Not All λi s Are Comparable -- 7.6.Interpolation Arguments for the Open Cases Where m =2 and B = 2 or B = 3 -- 7.7.The case where λ1 ~ λ2 ~ λ3 -- 7.8.The case where B = 5 -- 7.9.Collecting the Remaining Cases -- 7.10.Restriction Estimates for the Domains D'(l), l[&amp;#x2265;]2 -- ch. 8 The Remaining Cases Where m = 2 and B = 3 or B = 4 -- 8.1.Preliminaries -- 8.2.Refined Airy-Type Analysis -- 8.3.The Case Where λρ(δ) &lt; 1 -- 8.4.The Case Where m = 2, B = 4, and A = 1 -- 8.5.The Case Where m = 2, B = 4, and A = 0 -- 8.6.The Case Where m= 2, B= 3, and A = 0: What Still Needs to Be Done -- 8.7.Proof of Proposition 8.12(a): Complex Interpolation -- 8.8.Proof of Proposition 8.12(b): Complex Interpolation -- ch. 9 Proofs of Propositions 1.7 and 1.17 -- 9.1.Appendix A: Proof of Proposition 1.7 on the Characterization Linearly Adapted Coordinates -- 9.2.Appendix B: A Direct Proof of Proposition 1.17 on an Invariant Description of the Notion of r-Height.</subfield>
            </datafield>
            <datafield tag="650" ind1=" " ind2="0">
               <subfield code="a">Hypersurfaces.</subfield>
            </datafield>
            <datafield tag="650" ind1=" " ind2="0">
               <subfield code="a">Polyhedra.</subfield>
            </datafield>
            <datafield tag="650" ind1=" " ind2="0">
               <subfield code="a">Surfaces, Algebraic.</subfield>
            </datafield>
            <datafield tag="650" ind1=" " ind2="0">
               <subfield code="a">Fourier analysis.</subfield>
            </datafield>
            <datafield tag="650" ind1=" " ind2="7">
               <subfield code="a">Fourier analysis.</subfield>
               <subfield code="2">fast</subfield>
               <subfield code="0">(OCoLC)fst00933401</subfield>
            </datafield>
            <datafield tag="650" ind1=" " ind2="7">
               <subfield code="a">Hypersurfaces.</subfield>
               <subfield code="2">fast</subfield>
               <subfield code="0">(OCoLC)fst00965830</subfield>
            </datafield>
            <datafield tag="650" ind1=" " ind2="7">
               <subfield code="a">Polyhedra.</subfield>
               <subfield code="2">fast</subfield>
               <subfield code="0">(OCoLC)fst01070511</subfield>
            </datafield>
            <datafield tag="650" ind1=" " ind2="7">
               <subfield code="a">Surfaces, Algebraic.</subfield>
               <subfield code="2">fast</subfield>
               <subfield code="0">(OCoLC)fst01139295</subfield>
            </datafield>
            <datafield tag="700" ind1="1" ind2=" ">
               <subfield code="a">Müller, Detlef,</subfield>
               <subfield code="d">1954-</subfield>
               <subfield code="e">author.</subfield>
            </datafield>
            <datafield tag="830" ind1=" " ind2="0">
               <subfield code="a">Annals of mathematics studies ;</subfield>
               <subfield code="v">no. 194.</subfield>
            </datafield>
            <datafield tag="999" ind1=" " ind2=" ">
               <subfield code="a">QA571.I37 2016</subfield>
               <subfield code="w">LC</subfield>
               <subfield code="c">1</subfield>
               <subfield code="i">000079031134</subfield>
               <subfield code="d">10/4/2016</subfield>
               <subfield code="e">8/23/2016</subfield>
               <subfield code="f">10/4/2016</subfield>
               <subfield code="g">1</subfield>
               <subfield code="l">STACKS-PM</subfield>
               <subfield code="m">UP-PAMS</subfield>
               <subfield code="r">Y</subfield>
               <subfield code="s">Y</subfield>
               <subfield code="t">BOOK</subfield>
               <subfield code="u">8/9/2016</subfield>
            </datafield>
      </record>
    </metadata>
  </record>