
   <record> 
    <header>
      <identifier>oai:cat.libraries.psu.edu:18158489</identifier> 
      <datestamp>2022-12-16</datestamp>
      <setSpec>BOOK</setSpec> 
    </header>
    <metadata>
      <record xmlns="http://www.loc.gov/MARC21/slim" xsi:schemaLocation="http://www.loc.gov/MARC21/slim http://www.loc.gov/standards/marcxml/schema/MARC21slim.xsd" type="Bibliographic">
         <leader>     nam  22     1a 4500</leader>
         <controlfield tag="008">160802t20162016caua     b    001 0 eng d</controlfield>
            <datafield tag="020" ind1=" " ind2=" ">
               <subfield code="a">9781606064788</subfield>
               <subfield code="q">hardback</subfield>
            </datafield>
            <datafield tag="020" ind1=" " ind2=" ">
               <subfield code="a">1606064789</subfield>
               <subfield code="q">hardback</subfield>
            </datafield>
            <datafield tag="035" ind1=" " ind2=" ">
               <subfield code="a">(OCoLC)954465490</subfield>
            </datafield>
            <datafield tag="100" ind1="1" ind2=" ">
               <subfield code="a">Curran, Kathleen,</subfield>
               <subfield code="d">1955-</subfield>
               <subfield code="e">author.</subfield>
            </datafield>
            <datafield tag="245" ind1="1" ind2="4">
               <subfield code="a">The invention of the American art museum :</subfield>
               <subfield code="b">from craft to Kulturgeschichte /</subfield>
               <subfield code="c">Kathleen Curran.</subfield>
            </datafield>
            <datafield tag="264" ind1=" " ind2="1">
               <subfield code="a">Los Angeles, California :</subfield>
               <subfield code="b">The Getty Research Institute,</subfield>
               <subfield code="c">[2016]</subfield>
            </datafield>
            <datafield tag="264" ind1=" " ind2="4">
               <subfield code="c">©2016</subfield>
            </datafield>
            <datafield tag="300" ind1=" " ind2=" ">
               <subfield code="a">vii, 248 pages :</subfield>
               <subfield code="b">illustrations ;</subfield>
               <subfield code="c">27 cm</subfield>
            </datafield>
            <datafield tag="504" ind1=" " ind2=" ">
               <subfield code="a">Includes bibliographical references and index.</subfield>
            </datafield>
            <datafield tag="650" ind1=" " ind2="0">
               <subfield code="a">Art museums</subfield>
               <subfield code="z">United States</subfield>
               <subfield code="x">History</subfield>
               <subfield code="y">19th century.</subfield>
            </datafield>
            <datafield tag="650" ind1=" " ind2="0">
               <subfield code="a">Art museums</subfield>
               <subfield code="z">United States</subfield>
               <subfield code="x">History</subfield>
               <subfield code="y">20th century.</subfield>
            </datafield>
            <datafield tag="650" ind1=" " ind2="0">
               <subfield code="a">Art and society</subfield>
               <subfield code="z">United States</subfield>
               <subfield code="x">History</subfield>
               <subfield code="y">19th century.</subfield>
            </datafield>
            <datafield tag="650" ind1=" " ind2="0">
               <subfield code="a">Art and society</subfield>
               <subfield code="z">United States</subfield>
               <subfield code="x">History</subfield>
               <subfield code="y">20th century.</subfield>
            </datafield>
            <datafield tag="650" ind1=" " ind2="0">
               <subfield code="a">Art museums</subfield>
               <subfield code="z">Europe, Northern</subfield>
               <subfield code="x">Influence.</subfield>
            </datafield>
            <datafield tag="650" ind1=" " ind2="0">
               <subfield code="a">Museum techniques</subfield>
               <subfield code="z">United States</subfield>
               <subfield code="x">History</subfield>
               <subfield code="y">19th century.</subfield>
            </datafield>
            <datafield tag="650" ind1=" " ind2="0">
               <subfield code="a">Museum techniques</subfield>
               <subfield code="z">United States</subfield>
               <subfield code="x">History</subfield>
               <subfield code="y">20th century.</subfield>
            </datafield>
            <datafield tag="710" ind1="2" ind2=" ">
               <subfield code="a">Getty Research Institute.</subfield>
            </datafield>
            <datafield tag="999" ind1=" " ind2=" ">
               <subfield code="a">N510.C87 2016</subfield>
               <subfield code="w">LC</subfield>
               <subfield code="c">1</subfield>
               <subfield code="i">000078510074</subfield>
               <subfield code="d">10/17/2022</subfield>
               <subfield code="e">10/17/2022</subfield>
               <subfield code="k">CHECKEDOUT</subfield>
               <subfield code="l">PATTEE-W3</subfield>
               <subfield code="m">UP-PAT</subfield>
               <subfield code="n">8</subfield>
               <subfield code="r">M</subfield>
               <subfield code="s">Y</subfield>
               <subfield code="t">BOOK</subfield>
               <subfield code="u">8/9/2016</subfield>
            </datafield>
      </record>
    </metadata>
  </record>