
   <record> 
    <header>
      <identifier>oai:cat.libraries.psu.edu:1815849</identifier> 
      <datestamp>2022-12-16</datestamp>
      <setSpec>BOOK</setSpec> 
    </header>
    <metadata>
      <record xmlns="http://www.loc.gov/MARC21/slim" xsi:schemaLocation="http://www.loc.gov/MARC21/slim http://www.loc.gov/standards/marcxml/schema/MARC21slim.xsd" type="Bibliographic">
         <leader>     cam  22      i 4500</leader>
         <controlfield tag="008">950717s1993    xx            000 0 ita d</controlfield>
            <datafield tag="035" ind1=" " ind2=" ">
               <subfield code="a">LIAS1830464</subfield>
            </datafield>
            <datafield tag="035" ind1=" " ind2=" ">
               <subfield code="a">(OCoLC)30834097</subfield>
            </datafield>
            <datafield tag="245" ind1="0" ind2="0">
               <subfield code="a">Pisa, Piazza Dante :</subfield>
               <subfield code="b">uno spaccato della storia pisana, la campagna di scavo 1991 /</subfield>
               <subfield code="c">a cura di Stefano Bruni.</subfield>
            </datafield>
            <datafield tag="264" ind1=" " ind2="1">
               <subfield code="a">Pisa :</subfield>
               <subfield code="b">Cassa di Risparmio,</subfield>
               <subfield code="c">1993.</subfield>
            </datafield>
            <datafield tag="300" ind1=" " ind2=" ">
               <subfield code="a">785 pages, 1 unnumbered folded leaf of plates :</subfield>
               <subfield code="b">illustrations ;</subfield>
               <subfield code="c">29 cm</subfield>
            </datafield>
            <datafield tag="500" ind1=" " ind2=" ">
               <subfield code="a">At head of title page : Ministero per i Beni Cultural ed Ambientali, Soprintendenza ai Beni Archeologici per la Toscana, Soprintendenza ai Beni Ambientali, Architettonica, Artistici e Storici per le Provincie di Pisa, Lucca, Livorno e Massa-Carrara ente Cassa di Risparmio di Pisa.</subfield>
            </datafield>
            <datafield tag="651" ind1=" " ind2="0">
               <subfield code="a">Pisa (Italy)</subfield>
               <subfield code="x">Antiquities.</subfield>
            </datafield>
            <datafield tag="700" ind1="1" ind2=" ">
               <subfield code="a">Bruni, Stefano.</subfield>
            </datafield>
            <datafield tag="710" ind1="1" ind2=" ">
               <subfield code="a">Italy.</subfield>
               <subfield code="b">Ministero per i beni culturali e ambientali.</subfield>
            </datafield>
            <datafield tag="710" ind1="1" ind2=" ">
               <subfield code="a">Italy.</subfield>
               <subfield code="b">Soprintendenza ai beni archeologici per la Toscana.</subfield>
            </datafield>
            <datafield tag="710" ind1="1" ind2=" ">
               <subfield code="a">Italy.</subfield>
               <subfield code="b">Soprintendenza per i beni ambientali, architettonici, artistici e storici per le province di Pisa, Livorno, Lucca e Massa Carrara.</subfield>
            </datafield>
            <datafield tag="710" ind1="2" ind2=" ">
               <subfield code="a">Cassa di risparmio di Pisa.</subfield>
            </datafield>
            <datafield tag="999" ind1=" " ind2=" ">
               <subfield code="a">DG97.P573 1993</subfield>
               <subfield code="w">LC</subfield>
               <subfield code="c">1</subfield>
               <subfield code="i">000024202879</subfield>
               <subfield code="d">7/17/1995</subfield>
               <subfield code="e">8/15/1995</subfield>
               <subfield code="l">PATTEE-1</subfield>
               <subfield code="m">UP-PAT</subfield>
               <subfield code="r">Y</subfield>
               <subfield code="s">Y</subfield>
               <subfield code="t">BOOK</subfield>
               <subfield code="u">4/13/2001</subfield>
            </datafield>
      </record>
    </metadata>
  </record>