
   <record> 
    <header>
      <identifier>oai:cat.libraries.psu.edu:18158490</identifier> 
      <datestamp>2022-12-16</datestamp>
      <setSpec>BOOK</setSpec> 
    </header>
    <metadata>
      <record xmlns="http://www.loc.gov/MARC21/slim" xsi:schemaLocation="http://www.loc.gov/MARC21/slim http://www.loc.gov/standards/marcxml/schema/MARC21slim.xsd" type="Bibliographic">
         <leader>     cam  22     Ii 4500</leader>
         <controlfield tag="008">151030s2016    enk      b    001 0 eng  </controlfield>
            <datafield tag="010" ind1=" " ind2=" ">
               <subfield code="a">  2015042757</subfield>
            </datafield>
            <datafield tag="020" ind1=" " ind2=" ">
               <subfield code="a">9781118476185</subfield>
               <subfield code="q">hardback</subfield>
            </datafield>
            <datafield tag="020" ind1=" " ind2=" ">
               <subfield code="a">1118476182</subfield>
               <subfield code="q">hardback</subfield>
            </datafield>
            <datafield tag="050" ind1="0" ind2="0">
               <subfield code="a">NX456.5.D3</subfield>
               <subfield code="b">C66 2016</subfield>
            </datafield>
            <datafield tag="082" ind1="0" ind2="0">
               <subfield code="a">709.04/062</subfield>
               <subfield code="2">23</subfield>
            </datafield>
            <datafield tag="245" ind1="0" ind2="2">
               <subfield code="a">A companion to Dada and Surrealism /</subfield>
               <subfield code="c">edited by David Hopkins.</subfield>
            </datafield>
            <datafield tag="264" ind1=" " ind2="1">
               <subfield code="a">Chichester, West Sussex :</subfield>
               <subfield code="b">John Wiley &amp; Sons, Ltd,</subfield>
               <subfield code="c">2016.</subfield>
            </datafield>
            <datafield tag="300" ind1=" " ind2=" ">
               <subfield code="a">xvi, 478 pages ;</subfield>
               <subfield code="c">25 cm.</subfield>
            </datafield>
            <datafield tag="490" ind1="1" ind2=" ">
               <subfield code="a">Wiley Blackwell companions to art history ;</subfield>
               <subfield code="v">10</subfield>
            </datafield>
            <datafield tag="504" ind1=" " ind2=" ">
               <subfield code="a">Includes bibliographical references and index.</subfield>
            </datafield>
            <datafield tag="505" ind1="0" ind2="0">
               <subfield code="a">Machine generated contents note:</subfield>
               <subfield code="g">1.</subfield>
               <subfield code="t">Dada's Genesis: Zurich /</subfield>
               <subfield code="r">David Hopkins --</subfield>
               <subfield code="g">2.</subfield>
               <subfield code="t">Neue Jugend: A Case Study in Berlin Dada /</subfield>
               <subfield code="r">Debbie Lewer --</subfield>
               <subfield code="g">3.</subfield>
               <subfield code="t">Dada Migrations: Definition, Dispersal, and the Case of Schwitters /</subfield>
               <subfield code="r">Sherwin Simmons --</subfield>
               <subfield code="g">4.</subfield>
               <subfield code="t">New York Dada: From End to Beginning /</subfield>
               <subfield code="r">Michael White --</subfield>
               <subfield code="g">5.</subfield>
               <subfield code="t">Nothing, Ventured: Paris Dada into Surrealism /</subfield>
               <subfield code="r">David Hopkins --</subfield>
               <subfield code="g">6.</subfield>
               <subfield code="t">Surrealism and the Question of Politics, 1925-1939 /</subfield>
               <subfield code="r">Elizabeth Legge --</subfield>
               <subfield code="g">7.</subfield>
               <subfield code="t">&quot;Other&quot; Surrealisms: Center and Periphery in International Perspective /</subfield>
               <subfield code="r">Raymond Spiteri --</subfield>
               <subfield code="g">8.</subfield>
               <subfield code="t">Dada and Surrealism in Japan /</subfield>
               <subfield code="r">Michael Richardson --</subfield>
               <subfield code="g">9.</subfield>
               <subfield code="t">Dada and Surrealism in Central and Eastern Europe /</subfield>
               <subfield code="r">Majella Munro --</subfield>
               <subfield code="g">10.</subfield>
               <subfield code="t">Surrealism in Latin America /</subfield>
               <subfield code="r">Krzysztof Fijalkowski --</subfield>
               <subfield code="g">11.</subfield>
               <subfield code="t">Dissemination: The Dada and Surrealist Journals /</subfield>
               <subfield code="r">Dawn Ades --</subfield>
               <subfield code="g">12.</subfield>
               <subfield code="t">Artists into Curators: Dada and Surrealist Exhibition Practices /</subfield>
               <subfield code="r">Emily Hage --</subfield>
               <subfield code="g">13.</subfield>
               <subfield code="t">Dada and Surrealist Poetics /</subfield>
               <subfield code="r">Adam Jolles --</subfield>
               <subfield code="g">14.</subfield>
               <subfield code="t">Chance and Automatism: Genealogies of the Dissociative in Dada and Surrealism /</subfield>
               <subfield code="r">Eric Robertson --</subfield>
               <subfield code="g">15.</subfield>
               <subfield code="t">Crime/Insurrection /</subfield>
               <subfield code="r">Abigail Susik --</subfield>
               <subfield code="g">16.</subfield>
               <subfield code="t">Re-enchantment: Surrealist Discourses of Childhood, Hermeticism, and the Outmoded /</subfield>
               <subfield code="r">Jonathan P. Eburne --</subfield>
               <subfield code="g">17.</subfield>
               <subfield code="t">Surrealism and Natural History: Nature and the Marvelous in Breton and Caillois /</subfield>
               <subfield code="r">David Hopkins --</subfield>
               <subfield code="g">18.</subfield>
               <subfield code="t">Surrealist Collection: Ghosts in the Laboratory /</subfield>
               <subfield code="r">Donna Roberts --</subfield>
               <subfield code="g">19.</subfield>
               <subfield code="t">Ethnographic Turn /</subfield>
               <subfield code="r">Katharine Conley --</subfield>
               <subfield code="g">20.</subfield>
               <subfield code="t">Desire Bound: Violence, Body, Machine /</subfield>
               <subfield code="r">Julia Kelly --</subfield>
               <subfield code="g">21.</subfield>
               <subfield code="t">Equivocal Gender: Dada/Surrealism and Sexual Politics between the Wars /</subfield>
               <subfield code="r">Neil Cox --</subfield>
               <subfield code="g">22.</subfield>
               <subfield code="t">Feminist Interventions: Revising the Canon /</subfield>
               <subfield code="r">Tirza True Latimer --</subfield>
               <subfield code="g">23.</subfield>
               <subfield code="t">Surrealist Movement since the 1940s /</subfield>
               <subfield code="r">Patricia Allmer --</subfield>
               <subfield code="g">24.</subfield>
               <subfield code="t">Dada, Surrealism and their Heritage? The North American Reception of Dada and Surrealism /</subfield>
               <subfield code="r">Steven Harris --</subfield>
               <subfield code="g">25.</subfield>
               <subfield code="t">Surrealism and Counterculture /</subfield>
               <subfield code="r">James Boaden --</subfield>
               <subfield code="g">26.</subfield>
               <subfield code="t">Assimilation: Objects; Commodities; Fashion /</subfield>
               <subfield code="r">Elliott H. King --</subfield>
               <subfield code="g">27.</subfield>
               <subfield code="t">Sightings: Surrealist Idiolect, Gothic Marxism, Global Perils /</subfield>
               <subfield code="r">Ulrich Lehmann.</subfield>
            </datafield>
            <datafield tag="520" ind1=" " ind2=" ">
               <subfield code="a">Dada and Surrealism are two of the most influential, provocative, and intellectually demanding areas of twentieth century art. A Companion to Dada and Surrealism provides an excellent overview of new research in the area from some of the finest established and up-and-coming scholars in the field. Blending expert synthesis of the latest scholarship with previously unpublished research findings, the book offers detailed historical coverage as well as in-depth and innovative discussion of thematic areas such as childhood, natural history, counterculture, criminality, sexuality, and gender.</subfield>
            </datafield>
            <datafield tag="520" ind1=" " ind2=" ">
               <subfield code="a">One of the first studies to produce global coverage of the two movements together, this unique overview addresses the themes that unite them, but also looks at them as discrete, albeit partially overlapping, entities. The Companion is divided into three sections: the first offers a complete historical account of the movements in an expanded global context. The second provides a series of essays on key themes shared, to a greater or lesser extent, by the movements. The final section deals with the critical and cultural aftermath of Dada and Surrealism in the later twentieth century. Re-defining the research field, this text provides an invaluable companion for both scholars and students.</subfield>
            </datafield>
            <datafield tag="520" ind1=" " ind2=" ">
               <subfield code="a">David Hopkins is Professor of Art History at the University of Glasgow. An acknowledged expert on Dada and Surrealism, he has published widely on these movements, and on artists such as Marcel Duchamp and Max Ernst. --Book Jacket.</subfield>
            </datafield>
            <datafield tag="650" ind1=" " ind2="0">
               <subfield code="a">Dadaism.</subfield>
            </datafield>
            <datafield tag="650" ind1=" " ind2="0">
               <subfield code="a">Surrealism.</subfield>
            </datafield>
            <datafield tag="650" ind1=" " ind2="7">
               <subfield code="a">Dadaism.</subfield>
               <subfield code="2">fast</subfield>
               <subfield code="0">(OCoLC)fst00886698</subfield>
            </datafield>
            <datafield tag="650" ind1=" " ind2="7">
               <subfield code="a">Surrealism.</subfield>
               <subfield code="2">fast</subfield>
               <subfield code="0">(OCoLC)fst01139538</subfield>
            </datafield>
            <datafield tag="700" ind1="1" ind2=" ">
               <subfield code="a">Hopkins, David,</subfield>
               <subfield code="d">1955-</subfield>
               <subfield code="e">editor.</subfield>
            </datafield>
            <datafield tag="776" ind1="0" ind2="8">
               <subfield code="i">Online version:</subfield>
               <subfield code="t">Companion to Dada and Surrealism.</subfield>
               <subfield code="d">Hoboken : John Wiley &amp; Sons Inc., 2016</subfield>
               <subfield code="z">9781118476222</subfield>
               <subfield code="w">(DLC)  2015042887</subfield>
            </datafield>
            <datafield tag="830" ind1=" " ind2="0">
               <subfield code="a">Wiley-Blackwell companions to art history ;</subfield>
               <subfield code="v">10.</subfield>
            </datafield>
            <datafield tag="999" ind1=" " ind2=" ">
               <subfield code="a">NX456.5.D3C66 2016</subfield>
               <subfield code="w">LC</subfield>
               <subfield code="c">1</subfield>
               <subfield code="i">000078510333</subfield>
               <subfield code="d">8/23/2019</subfield>
               <subfield code="e">10/4/2018</subfield>
               <subfield code="l">PATTEE-2</subfield>
               <subfield code="m">UP-PAT</subfield>
               <subfield code="n">5</subfield>
               <subfield code="r">Y</subfield>
               <subfield code="s">Y</subfield>
               <subfield code="t">BOOK</subfield>
               <subfield code="u">8/9/2016</subfield>
            </datafield>
      </record>
    </metadata>
  </record>