
   <record> 
    <header>
      <identifier>oai:cat.libraries.psu.edu:18158491</identifier> 
      <datestamp>2022-12-16</datestamp>
      <setSpec>BOOK</setSpec> 
    </header>
    <metadata>
      <record xmlns="http://www.loc.gov/MARC21/slim" xsi:schemaLocation="http://www.loc.gov/MARC21/slim http://www.loc.gov/standards/marcxml/schema/MARC21slim.xsd" type="Bibliographic">
         <leader>     cam  22      i 4500</leader>
         <controlfield tag="008">151029s2016    nyuac         001 0 eng d</controlfield>
            <datafield tag="020" ind1=" " ind2=" ">
               <subfield code="a">1259586855</subfield>
            </datafield>
            <datafield tag="020" ind1=" " ind2=" ">
               <subfield code="a">9781259586859</subfield>
            </datafield>
            <datafield tag="035" ind1=" " ind2=" ">
               <subfield code="a">(OCoLC)927378322</subfield>
            </datafield>
            <datafield tag="050" ind1=" " ind2="4">
               <subfield code="a">TP149</subfield>
               <subfield code="b">.H285 2016</subfield>
            </datafield>
            <datafield tag="082" ind1="0" ind2="4">
               <subfield code="a">624.01/51</subfield>
               <subfield code="2">23</subfield>
            </datafield>
            <datafield tag="100" ind1="1" ind2=" ">
               <subfield code="a">Hicks, Tyler Gregory,</subfield>
               <subfield code="d">1921-</subfield>
               <subfield code="e">editor.</subfield>
            </datafield>
            <datafield tag="245" ind1="1" ind2="0">
               <subfield code="a">Handbook of civil engineering calculations / Tyler G. Hicks, S. David Hicks, George K. Korley.</subfield>
            </datafield>
            <datafield tag="250" ind1=" " ind2=" ">
               <subfield code="a">Third edition.</subfield>
            </datafield>
            <datafield tag="264" ind1=" " ind2="1">
               <subfield code="a">New York :</subfield>
               <subfield code="b">Mcgraw-Hill Education,</subfield>
               <subfield code="c">2016.</subfield>
            </datafield>
            <datafield tag="300" ind1=" " ind2=" ">
               <subfield code="a">1 volume (various pagings) :</subfield>
               <subfield code="b">illustrations, charts ;</subfield>
               <subfield code="c">24 cm</subfield>
            </datafield>
            <datafield tag="504" ind1=" " ind2=" ">
               <subfield code="a">Includes index.</subfield>
            </datafield>
            <datafield tag="505" ind1="0" ind2=" ">
               <subfield code="a">Structural engineering -- Reinforeced and prestressed concrete engineering and design -- Timber engineering -- Soil mechanics -- Surveying, route design, and highway bridges -- Fluid mechanics, pumps, piping, and hydro power -- Water-Supply and storm-water system design -- Sanitary wastewater treatment and control -- Engineering economics.</subfield>
            </datafield>
            <datafield tag="520" ind1=" " ind2=" ">
               <subfield code="a">&quot;Perform complex design and construction calculations quickly and accurately with help from this thoroughly revised guide. Handbook of Civil Engineering Calculations, Third Edition, features more than 3,000 logically organized calculations that align with the latest practices, codes, and standards. You will get start-to-finish calculation procedures for Load Resistance Factor Design (LRFD), anti-terrorism components, enhanced building security, green construction, safe bridge design, and environmentally sound water treatment. All-new steps to improve indoor air quality and protect structures from hurricanes, tornadoes, floods, and waves are also discussed in this on-the-job resource.&quot;</subfield>
               <subfield code="c">--back cover.</subfield>
            </datafield>
            <datafield tag="650" ind1=" " ind2="0">
               <subfield code="a">Engineering mathematics</subfield>
               <subfield code="v">Handbooks, manuals, etc.</subfield>
            </datafield>
            <datafield tag="650" ind1=" " ind2="7">
               <subfield code="a">Engineering mathematics.</subfield>
               <subfield code="2">fast</subfield>
               <subfield code="0">(OCoLC)fst00910601</subfield>
            </datafield>
            <datafield tag="655" ind1=" " ind2="7">
               <subfield code="a">Handbooks and manuals.</subfield>
               <subfield code="2">fast</subfield>
               <subfield code="0">(OCoLC)fst01423877</subfield>
            </datafield>
            <datafield tag="700" ind1="1" ind2=" ">
               <subfield code="a">Hicks, Tyler Gregory,</subfield>
               <subfield code="d">1921-</subfield>
               <subfield code="e">editor.</subfield>
            </datafield>
            <datafield tag="700" ind1="1" ind2=" ">
               <subfield code="a">Hicks, S. David,</subfield>
               <subfield code="e">editor.</subfield>
            </datafield>
            <datafield tag="700" ind1="1" ind2=" ">
               <subfield code="a">Korley, George K.,</subfield>
               <subfield code="e">editor.</subfield>
            </datafield>
            <datafield tag="999" ind1=" " ind2=" ">
               <subfield code="a">TA332.H35 2016</subfield>
               <subfield code="w">LC</subfield>
               <subfield code="c">1</subfield>
               <subfield code="i">000079030779</subfield>
               <subfield code="d">9/18/2017</subfield>
               <subfield code="e">9/30/2016</subfield>
               <subfield code="f">8/30/2016</subfield>
               <subfield code="g">2</subfield>
               <subfield code="l">STACKS-EG</subfield>
               <subfield code="m">UP-ENGIN</subfield>
               <subfield code="n">1</subfield>
               <subfield code="q">1</subfield>
               <subfield code="r">Y</subfield>
               <subfield code="s">Y</subfield>
               <subfield code="t">BOOK</subfield>
               <subfield code="u">8/9/2016</subfield>
            </datafield>
      </record>
    </metadata>
  </record>