
   <record> 
    <header>
      <identifier>oai:cat.libraries.psu.edu:18158492</identifier> 
      <datestamp>2022-12-16</datestamp>
      <setSpec>BOOK</setSpec> 
    </header>
    <metadata>
      <record xmlns="http://www.loc.gov/MARC21/slim" xsi:schemaLocation="http://www.loc.gov/MARC21/slim http://www.loc.gov/standards/marcxml/schema/MARC21slim.xsd" type="Bibliographic">
         <leader>     cam  22      i 4500</leader>
         <controlfield tag="008">151105s2016    nyu      b   s001 0 eng  </controlfield>
            <datafield tag="010" ind1=" " ind2=" ">
               <subfield code="a">  2015036569</subfield>
            </datafield>
            <datafield tag="020" ind1=" " ind2=" ">
               <subfield code="a">9781438461434</subfield>
               <subfield code="q">hardcover ;</subfield>
               <subfield code="q">alkaline paper</subfield>
            </datafield>
            <datafield tag="020" ind1=" " ind2=" ">
               <subfield code="a">1438461437</subfield>
               <subfield code="q">hardcover ;</subfield>
               <subfield code="q">alkaline paper</subfield>
            </datafield>
            <datafield tag="050" ind1="0" ind2="0">
               <subfield code="a">PQ7797.B635</subfield>
               <subfield code="b">Z9183 2016</subfield>
            </datafield>
            <datafield tag="082" ind1="0" ind2="0">
               <subfield code="a">868/.6209</subfield>
               <subfield code="2">23</subfield>
            </datafield>
            <datafield tag="100" ind1="1" ind2=" ">
               <subfield code="a">Stavans, Ilan</subfield>
               <subfield code="e">author.</subfield>
            </datafield>
            <datafield tag="245" ind1="1" ind2="0">
               <subfield code="a">Borges, the Jew /</subfield>
               <subfield code="c">Ilan Stavans.</subfield>
            </datafield>
            <datafield tag="264" ind1=" " ind2="1">
               <subfield code="a">Albany :</subfield>
               <subfield code="b">State University of New York Press,</subfield>
               <subfield code="c">[2016]</subfield>
            </datafield>
            <datafield tag="300" ind1=" " ind2=" ">
               <subfield code="a">xii, 144 pages ;</subfield>
               <subfield code="c">23 cm.</subfield>
            </datafield>
            <datafield tag="490" ind1="1" ind2=" ">
               <subfield code="a">SUNY series in Latin American and Iberian thought and culture</subfield>
            </datafield>
            <datafield tag="504" ind1=" " ind2=" ">
               <subfield code="a">Includes bibliographical references and index.</subfield>
            </datafield>
            <datafield tag="505" ind1="0" ind2=" ">
               <subfield code="a">Preface: Outsider -- Yo, Judío -- A short catalog of Jewish symbols -- Deutches requiem -- Beyond translation -- On the language of ghosts -- Coda: Borges y yo.</subfield>
            </datafield>
            <datafield tag="600" ind1="1" ind2="0">
               <subfield code="a">Borges, Jorge Luis,</subfield>
               <subfield code="d">1899-1986</subfield>
               <subfield code="x">Criticism and interpretation.</subfield>
            </datafield>
            <datafield tag="600" ind1="1" ind2="7">
               <subfield code="a">Borges, Jorge Luis,</subfield>
               <subfield code="d">1899-1986</subfield>
               <subfield code="2">fast</subfield>
               <subfield code="0">(OCoLC)fst00030252</subfield>
            </datafield>
            <datafield tag="650" ind1=" " ind2="0">
               <subfield code="a">Judaism and literature.</subfield>
            </datafield>
            <datafield tag="650" ind1=" " ind2="0">
               <subfield code="a">Jews in literature.</subfield>
            </datafield>
            <datafield tag="650" ind1=" " ind2="7">
               <subfield code="a">Jews in literature.</subfield>
               <subfield code="2">fast</subfield>
               <subfield code="0">(OCoLC)fst00983388</subfield>
            </datafield>
            <datafield tag="650" ind1=" " ind2="7">
               <subfield code="a">Judaism and literature.</subfield>
               <subfield code="2">fast</subfield>
               <subfield code="0">(OCoLC)fst00984436</subfield>
            </datafield>
            <datafield tag="655" ind1=" " ind2="7">
               <subfield code="a">Criticism, interpretation, etc.</subfield>
               <subfield code="2">fast</subfield>
               <subfield code="0">(OCoLC)fst01411635</subfield>
            </datafield>
            <datafield tag="830" ind1=" " ind2="0">
               <subfield code="a">SUNY series in Latin American and Iberian thought and culture.</subfield>
            </datafield>
            <datafield tag="999" ind1=" " ind2=" ">
               <subfield code="a">PQ7797.B635Z9183 2016</subfield>
               <subfield code="w">LC</subfield>
               <subfield code="c">1</subfield>
               <subfield code="i">000079030205</subfield>
               <subfield code="d">12/14/2018</subfield>
               <subfield code="e">10/11/2018</subfield>
               <subfield code="l">PATTEE-2A</subfield>
               <subfield code="m">UP-PAT</subfield>
               <subfield code="n">1</subfield>
               <subfield code="r">Y</subfield>
               <subfield code="s">Y</subfield>
               <subfield code="t">BOOK</subfield>
               <subfield code="u">8/9/2016</subfield>
            </datafield>
      </record>
    </metadata>
  </record>