
   <record> 
    <header>
      <identifier>oai:cat.libraries.psu.edu:18158493</identifier> 
      <datestamp>2022-12-16</datestamp>
      <setSpec>BOOK</setSpec> 
    </header>
    <metadata>
      <record xmlns="http://www.loc.gov/MARC21/slim" xsi:schemaLocation="http://www.loc.gov/MARC21/slim http://www.loc.gov/standards/marcxml/schema/MARC21slim.xsd" type="Bibliographic">
         <leader>     cam  22     Ii 4500</leader>
         <controlfield tag="008">160302s2016    nyu      b    101 0 eng  </controlfield>
            <datafield tag="010" ind1=" " ind2=" ">
               <subfield code="a">  2016010724</subfield>
            </datafield>
            <datafield tag="020" ind1=" " ind2=" ">
               <subfield code="a">9780815634522 (cloth : alk. paper)</subfield>
            </datafield>
            <datafield tag="020" ind1=" " ind2=" ">
               <subfield code="a">0815634528 (cloth : alk. paper)</subfield>
            </datafield>
            <datafield tag="020" ind1=" " ind2=" ">
               <subfield code="a">9780815634331 (pbk. : alk. paper)</subfield>
            </datafield>
            <datafield tag="020" ind1=" " ind2=" ">
               <subfield code="a">0815634331 (pbk. : alk. paper)</subfield>
            </datafield>
            <datafield tag="050" ind1="0" ind2="0">
               <subfield code="a">DS36.9.A1</subfield>
               <subfield code="b">M55 2016</subfield>
            </datafield>
            <datafield tag="082" ind1="0" ind2="0">
               <subfield code="a">305.0917/4927</subfield>
               <subfield code="2">23</subfield>
            </datafield>
            <datafield tag="245" ind1="0" ind2="0">
               <subfield code="a">Minorities and the modern Arab world :</subfield>
               <subfield code="b">new perspectives /</subfield>
               <subfield code="c">edited by Laura Robson.</subfield>
            </datafield>
            <datafield tag="250" ind1=" " ind2=" ">
               <subfield code="a">First edition.</subfield>
            </datafield>
            <datafield tag="264" ind1=" " ind2="1">
               <subfield code="a">Syracuse, New York :</subfield>
               <subfield code="b">Syracuse University Press,</subfield>
               <subfield code="c">2016.</subfield>
            </datafield>
            <datafield tag="300" ind1=" " ind2=" ">
               <subfield code="a">vii, 318 pages ;</subfield>
               <subfield code="c">23 cm.</subfield>
            </datafield>
            <datafield tag="490" ind1="1" ind2=" ">
               <subfield code="a">Middle East studies beyond dominant paradigms</subfield>
            </datafield>
            <datafield tag="500" ind1=" " ind2=" ">
               <subfield code="a">&quot;This volume originated in a conference held at the Middle East Studies Center at Portland State University in 2013, Minorities of the Modern Middle East.&quot;--Acknowledgments page.</subfield>
            </datafield>
            <datafield tag="504" ind1=" " ind2=" ">
               <subfield code="a">Includes bibliographical references (pages 233-300) and index.</subfield>
            </datafield>
            <datafield tag="505" ind1="0" ind2="0">
               <subfield code="a">Machine generated contents note:</subfield>
               <subfield code="g">pt. ONE</subfield>
               <subfield code="t">Conceptualizing Minorities --</subfield>
               <subfield code="g">1.</subfield>
               <subfield code="t">From Millet to Minority --</subfield>
               <subfield code="t">Another Look at the Non-Muslim Communities in the Late Nineteenth and Early Twentieth Centuries /</subfield>
               <subfield code="r">Peter Sluglett --</subfield>
               <subfield code="g">2.</subfield>
               <subfield code="t">Across Confessional Borders --</subfield>
               <subfield code="t">Microhistory of Ottoman Christians and Their Migratory Paths /</subfield>
               <subfield code="r">Jacob Norris --</subfield>
               <subfield code="g">3.</subfield>
               <subfield code="t">Becoming a Sectarian Minority --</subfield>
               <subfield code="t">Arab Christians in Twentieth-Century Palestine /</subfield>
               <subfield code="r">Laura Robson --</subfield>
               <subfield code="g">4.</subfield>
               <subfield code="t">Egypt and Its Jews --</subfield>
               <subfield code="t">Specter of an Absent Minority /</subfield>
               <subfield code="r">Joel Beinin --</subfield>
               <subfield code="g">pt. TWO</subfield>
               <subfield code="t">Minorities, Nationalism, and Cultural &quot;Authenticity&quot; --</subfield>
               <subfield code="g">5.</subfield>
               <subfield code="t">When Anticolonialism Meets Antifascism --</subfield>
               <subfield code="t">Modern Jewish Intellectuals in Baghdad /</subfield>
               <subfield code="r">Aline Schlaepfer --</subfield>
               <subfield code="g">6.</subfield>
               <subfield code="t">Assyrians and the Iraqi Communist Party --</subfield>
               <subfield code="t">Revolution, Urbanization, and the Quest for Equality /</subfield>
               <subfield code="r">Alda Benjamen --</subfield>
               <subfield code="g">7.</subfield>
               <subfield code="t">Struggle over Egyptianness --</subfield>
               <subfield code="t">Case Study of the Nayruz Festival /</subfield>
               <subfield code="r">Hiroko Miyokawa --</subfield>
               <subfield code="g">8.</subfield>
               <subfield code="t">From Minority to Majority --</subfield>
               <subfield code="t">Inscribing the Mahra and Touareg into the Arab Nation /</subfield>
               <subfield code="r">Samuel Liebhaber --</subfield>
               <subfield code="g">pt. THREE</subfield>
               <subfield code="t">Minorities in the Transnational Were --</subfield>
               <subfield code="g">9.</subfield>
               <subfield code="t">Tunisia's Minority Mosaic --</subfield>
               <subfield code="t">Constructing a National Narrative /</subfield>
               <subfield code="r">David Bond --</subfield>
               <subfield code="g">10.</subfield>
               <subfield code="t">Majority and Minority Languages in the Middle East --</subfield>
               <subfield code="t">Case of Hebrew in Mandate Palestine /</subfield>
               <subfield code="r">Liora R. Halperin --</subfield>
               <subfield code="g">11.</subfield>
               <subfield code="t">Chaldean Church between Iraq and America --</subfield>
               <subfield code="t">Transnational Social Field Perspective /</subfield>
               <subfield code="r">Yasmeen Hanoosh --</subfield>
               <subfield code="g">12.</subfield>
               <subfield code="t">Permanent Temporariness in Berlin --</subfield>
               <subfield code="t">Case of an Arab Muslim Minority in Germany /</subfield>
               <subfield code="r">Lucia Volk.</subfield>
            </datafield>
            <datafield tag="650" ind1=" " ind2="0">
               <subfield code="a">Minorities</subfield>
               <subfield code="z">Arab countries</subfield>
               <subfield code="v">Congresses.</subfield>
            </datafield>
            <datafield tag="650" ind1=" " ind2="7">
               <subfield code="a">Minorities.</subfield>
               <subfield code="2">fast</subfield>
               <subfield code="0">(OCoLC)fst01023088</subfield>
            </datafield>
            <datafield tag="651" ind1=" " ind2="7">
               <subfield code="a">Arab countries.</subfield>
               <subfield code="2">fast</subfield>
               <subfield code="0">(OCoLC)fst01240128</subfield>
            </datafield>
            <datafield tag="655" ind1=" " ind2="7">
               <subfield code="a">Conference papers and proceedings.</subfield>
               <subfield code="2">fast</subfield>
               <subfield code="0">(OCoLC)fst01423772</subfield>
            </datafield>
            <datafield tag="700" ind1="1" ind2=" ">
               <subfield code="a">Robson, Laura,</subfield>
               <subfield code="e">author.</subfield>
            </datafield>
            <datafield tag="830" ind1=" " ind2="0">
               <subfield code="a">Middle East studies beyond dominant paradigms.</subfield>
            </datafield>
            <datafield tag="999" ind1=" " ind2=" ">
               <subfield code="a">DS36.9.A1M55 2016</subfield>
               <subfield code="w">LC</subfield>
               <subfield code="c">1</subfield>
               <subfield code="i">000079030113</subfield>
               <subfield code="d">1/8/2019</subfield>
               <subfield code="e">8/25/2016</subfield>
               <subfield code="l">PATTEE-1</subfield>
               <subfield code="m">UP-PAT</subfield>
               <subfield code="q">2</subfield>
               <subfield code="r">Y</subfield>
               <subfield code="s">Y</subfield>
               <subfield code="t">BOOK</subfield>
               <subfield code="u">8/9/2016</subfield>
            </datafield>
      </record>
    </metadata>
  </record>