
   <record> 
    <header>
      <identifier>oai:cat.libraries.psu.edu:18158495</identifier> 
      <datestamp>2022-12-16</datestamp>
      <setSpec>BOOK</setSpec> 
    </header>
    <metadata>
      <record xmlns="http://www.loc.gov/MARC21/slim" xsi:schemaLocation="http://www.loc.gov/MARC21/slim http://www.loc.gov/standards/marcxml/schema/MARC21slim.xsd" type="Bibliographic">
         <leader>     cam  22      i 4500</leader>
         <controlfield tag="008">151106t20162016waua     b    001 0 eng  </controlfield>
            <datafield tag="010" ind1=" " ind2=" ">
               <subfield code="a">  2015035910</subfield>
            </datafield>
            <datafield tag="020" ind1=" " ind2=" ">
               <subfield code="a">9780295995274 (hardcover : alk. paper)</subfield>
            </datafield>
            <datafield tag="020" ind1=" " ind2=" ">
               <subfield code="a">0295995270 (hardcover : alk. paper)</subfield>
            </datafield>
            <datafield tag="050" ind1="0" ind2="0">
               <subfield code="a">QE175</subfield>
               <subfield code="b">.G48 2016</subfield>
            </datafield>
            <datafield tag="082" ind1="0" ind2="0">
               <subfield code="a">557.97</subfield>
               <subfield code="2">23</subfield>
            </datafield>
            <datafield tag="245" ind1="0" ind2="4">
               <subfield code="a">The geology of Washington and beyond :</subfield>
               <subfield code="b">from Laurentia to Cascadia /</subfield>
               <subfield code="c">edited by Eric S. Cheney.</subfield>
            </datafield>
            <datafield tag="264" ind1=" " ind2="1">
               <subfield code="a">Seattle :</subfield>
               <subfield code="b">Washington Division of Geology and Earth Resources :</subfield>
               <subfield code="b">in association with University of Washington Press,</subfield>
               <subfield code="c">[2016]</subfield>
            </datafield>
            <datafield tag="264" ind1=" " ind2="4">
               <subfield code="c">©2016</subfield>
            </datafield>
            <datafield tag="300" ind1=" " ind2=" ">
               <subfield code="a">viii, 336 pages :</subfield>
               <subfield code="b">illustrations (some color) ;</subfield>
               <subfield code="c">28 cm</subfield>
            </datafield>
            <datafield tag="504" ind1=" " ind2=" ">
               <subfield code="a">Includes bibliographical references and index.</subfield>
            </datafield>
            <datafield tag="505" ind1="0" ind2=" ">
               <subfield code="a">Physiographic provinces of Washington State / Alan R. Gillespie -- Important geologic concepts / Eric S. Cheney -- Overview of the geology of Washington / Eric S. Cheney -- Overview of the Laurentian rocks in the Pacific Northwest / Eric S. Cheney and P. Ted Doughty -- Correlation of unconformity-bounded sequences of the Neoproterozoic Windermere supergroup in Idaho, Washington, and southern British Columbia / Karen Lund and Eric S. Cheney -- Regional fold and thrust belts in northeastern Washington and adjacent British Columbia / Eric S. Cheney and Gerald A. Zieg -- Mesoproterozoic and Cambrian geology of the northeastern Columbia Plateau of Washington : a view from the Steptoes / Linda B. McCollum, Michael B. McCollum, and Michael M. Hamilton -- Geology of the Priest River Metamorphic complex and adjacent Paleozoic strata south of the Spokane River Valley, Washington / P. Ted Doughty, Andrew M. Buddington, Eric S. Cheney, and Robert E. Derkey -- Overview of the terranes of Washington / Eric S. Cheney and John T. Figge -- Tectonic evolution of the Southern Coast-Cascade orogen, northwestern Washington and southwestern British Columbia / James W. H. Monger and Edwin H. Brown -- Geology of the North Cascades : summary and enigmas / Rowland W. Tabor and Ralph A. Haugerud -- Synthesis of geochemical data for mafic rocks in the crystalline core of the North Cascades and potential correlatives : tectonic implications / Ellen P. Metzger, Robert B. Miller, Gregory D. Harper, and James H. Macdonald Jr. -- Overview of the Cenozoic unconformity-bounded sequences of Washington / Eric S. Cheney -- The Columbia River flood basalts / Peter R. Hooper, Victor E. Camp, Stephen P. Reidel, and Martin E. Ross -- The Neogene eggcrate of the Pacific Northwest / Eric S. Cheney -- Overview of the Quaternary Period in Washington State / Alan R. Gillespie -- Late Wisconsin cordilleran ice sheet and colossal floods in northeast Washington and north Idaho / Richard B. Waitt, Roy M. Breckenridge, Eugene P. Kiver, and Dale F. Stradling -- Late Quaternary glaciation of the Puget lowland, North Cascade range, and Columbia Plateau, Washington / Don J. Easterbrook -- Quaternary geology of northwestern King County and southwestern Snohomish County, Washington / David H. McCormack and Kathy Goetz Troost -- Living, working, dying at Mount St. Helens, 1980-2006 / Richard B. Waitt, Daniel B. Dzurisin, and Steve P. Schilling.</subfield>
            </datafield>
            <datafield tag="650" ind1=" " ind2="0">
               <subfield code="a">Geology</subfield>
               <subfield code="z">Washington (State)</subfield>
            </datafield>
            <datafield tag="650" ind1=" " ind2="7">
               <subfield code="a">Geology.</subfield>
               <subfield code="2">fast</subfield>
               <subfield code="0">(OCoLC)fst00940627</subfield>
            </datafield>
            <datafield tag="651" ind1=" " ind2="7">
               <subfield code="a">Washington (State)</subfield>
               <subfield code="2">fast</subfield>
               <subfield code="0">(OCoLC)fst01204703</subfield>
            </datafield>
            <datafield tag="700" ind1="1" ind2=" ">
               <subfield code="a">Cheney, Eric S.,</subfield>
               <subfield code="d">1934-</subfield>
               <subfield code="e">editor.</subfield>
            </datafield>
            <datafield tag="710" ind1="1" ind2=" ">
               <subfield code="a">Washington (State).</subfield>
               <subfield code="b">Division of Geology and Earth Resources.</subfield>
            </datafield>
            <datafield tag="999" ind1=" " ind2=" ">
               <subfield code="a">QE175.G48 2016</subfield>
               <subfield code="w">LC</subfield>
               <subfield code="c">1</subfield>
               <subfield code="i">000079031066</subfield>
               <subfield code="d">10/25/2022</subfield>
               <subfield code="e">10/25/2022</subfield>
               <subfield code="k">CHECKEDOUT</subfield>
               <subfield code="l">STACKS-EM</subfield>
               <subfield code="m">UP-EMS</subfield>
               <subfield code="n">1</subfield>
               <subfield code="r">M</subfield>
               <subfield code="s">Y</subfield>
               <subfield code="t">BOOK</subfield>
               <subfield code="u">8/9/2016</subfield>
            </datafield>
      </record>
    </metadata>
  </record>