
   <record> 
    <header>
      <identifier>oai:cat.libraries.psu.edu:18158496</identifier> 
      <datestamp>2022-12-16</datestamp>
      <setSpec>BOOK</setSpec> 
    </header>
    <metadata>
      <record xmlns="http://www.loc.gov/MARC21/slim" xsi:schemaLocation="http://www.loc.gov/MARC21/slim http://www.loc.gov/standards/marcxml/schema/MARC21slim.xsd" type="Bibliographic">
         <leader>     cam  22      i 4500</leader>
         <controlfield tag="008">151110s2016    enkaf    b    001 0 eng  </controlfield>
            <datafield tag="010" ind1=" " ind2=" ">
               <subfield code="a">  2015044184</subfield>
            </datafield>
            <datafield tag="020" ind1=" " ind2=" ">
               <subfield code="a">9781472454690</subfield>
               <subfield code="q">(hardcover</subfield>
               <subfield code="q">alkaline paper)</subfield>
            </datafield>
            <datafield tag="020" ind1=" " ind2=" ">
               <subfield code="a">1472454693</subfield>
               <subfield code="q">(hardcover</subfield>
               <subfield code="q">alkaline paper)</subfield>
            </datafield>
            <datafield tag="050" ind1="0" ind2="0">
               <subfield code="a">ND1460.P35</subfield>
               <subfield code="b">R63 2016</subfield>
            </datafield>
            <datafield tag="082" ind1="0" ind2="0">
               <subfield code="a">759.41</subfield>
               <subfield code="2">23</subfield>
            </datafield>
            <datafield tag="100" ind1="1" ind2=" ">
               <subfield code="a">Roach, Catherine</subfield>
               <subfield code="e">author.</subfield>
            </datafield>
            <datafield tag="245" ind1="1" ind2="0">
               <subfield code="a">Pictures-within-pictures in nineteenth-century Britain /</subfield>
               <subfield code="c">Catherine Roach.</subfield>
            </datafield>
            <datafield tag="264" ind1=" " ind2="1">
               <subfield code="a">Abingdon, Oxon ;</subfield>
               <subfield code="a">New York :</subfield>
               <subfield code="b">Routledge,</subfield>
               <subfield code="c">2016.</subfield>
            </datafield>
            <datafield tag="300" ind1=" " ind2=" ">
               <subfield code="a">xvii, 218 pages, 40 pages of plates :</subfield>
               <subfield code="b">illustrations (some color) ;</subfield>
               <subfield code="c">26 cm.</subfield>
            </datafield>
            <datafield tag="490" ind1="1" ind2=" ">
               <subfield code="a">Studies in art historiography</subfield>
            </datafield>
            <datafield tag="500" ind1=" " ind2=" ">
               <subfield code="a">&quot;An Ashgate book.&quot;</subfield>
            </datafield>
            <datafield tag="504" ind1=" " ind2=" ">
               <subfield code="a">Includes bibliographical references and index.</subfield>
            </datafield>
            <datafield tag="505" ind1="0" ind2=" ">
               <subfield code="a">Machine generated contents note: 1.Creating from Copies: John Scarlett Davis and the British Institution, 1829--1830 -- 2.Outshining the Masters: J.M.W. Turner, Inheritance, and Petworth, 1827--1852 -- 3.Painting Anew: John Everett Millais, Portraiture, and the Pre-Raphaelite Challenge, 1850--1874 -- 4.Claiming Legitimacy: Emma Brownlow King, William Hogarth, and the Foundling Hospital, 1858--1868 -- 5.Critiquing the Critic: W.P. Frith, Oscar Wilde, and Aestheticism at the Royal Academy, 1853--1883.</subfield>
            </datafield>
            <datafield tag="650" ind1=" " ind2="0">
               <subfield code="a">Painting in art.</subfield>
            </datafield>
            <datafield tag="650" ind1=" " ind2="0">
               <subfield code="a">Pictures in art.</subfield>
            </datafield>
            <datafield tag="650" ind1=" " ind2="0">
               <subfield code="a">Painting, British</subfield>
               <subfield code="y">19th century</subfield>
               <subfield code="x">Themes, motives.</subfield>
            </datafield>
            <datafield tag="650" ind1=" " ind2="0">
               <subfield code="a">Art and society</subfield>
               <subfield code="z">Great Britain</subfield>
               <subfield code="x">History</subfield>
               <subfield code="y">19th century.</subfield>
            </datafield>
            <datafield tag="650" ind1=" " ind2="7">
               <subfield code="a">Art and society.</subfield>
               <subfield code="2">fast</subfield>
               <subfield code="0">(OCoLC)fst00815432</subfield>
            </datafield>
            <datafield tag="650" ind1=" " ind2="7">
               <subfield code="a">Painting, British</subfield>
               <subfield code="x">Themes, motives.</subfield>
               <subfield code="2">fast</subfield>
               <subfield code="0">(OCoLC)fst01050708</subfield>
            </datafield>
            <datafield tag="650" ind1=" " ind2="7">
               <subfield code="a">Painting in art.</subfield>
               <subfield code="2">fast</subfield>
               <subfield code="0">(OCoLC)fst01050635</subfield>
            </datafield>
            <datafield tag="650" ind1=" " ind2="7">
               <subfield code="a">Pictures in art.</subfield>
               <subfield code="2">fast</subfield>
               <subfield code="0">(OCoLC)fst01063839</subfield>
            </datafield>
            <datafield tag="651" ind1=" " ind2="7">
               <subfield code="a">Great Britain.</subfield>
               <subfield code="2">fast</subfield>
               <subfield code="0">(OCoLC)fst01204623</subfield>
            </datafield>
            <datafield tag="655" ind1=" " ind2="7">
               <subfield code="a">History.</subfield>
               <subfield code="2">fast</subfield>
               <subfield code="0">(OCoLC)fst01411628</subfield>
            </datafield>
            <datafield tag="830" ind1=" " ind2="0">
               <subfield code="a">Studies in art historiography.</subfield>
            </datafield>
            <datafield tag="999" ind1=" " ind2=" ">
               <subfield code="a">ND1460.P35R63 2016</subfield>
               <subfield code="w">LC</subfield>
               <subfield code="c">1</subfield>
               <subfield code="i">000078510111</subfield>
               <subfield code="d">11/9/2016</subfield>
               <subfield code="e">8/23/2016</subfield>
               <subfield code="l">PATTEE-2</subfield>
               <subfield code="m">UP-PAT</subfield>
               <subfield code="r">Y</subfield>
               <subfield code="s">Y</subfield>
               <subfield code="t">BOOK</subfield>
               <subfield code="u">8/9/2016</subfield>
            </datafield>
      </record>
    </metadata>
  </record>