
   <record> 
    <header>
      <identifier>oai:cat.libraries.psu.edu:18158497</identifier> 
      <datestamp>2022-12-16</datestamp>
      <setSpec>BOOK</setSpec> 
    </header>
    <metadata>
      <record xmlns="http://www.loc.gov/MARC21/slim" xsi:schemaLocation="http://www.loc.gov/MARC21/slim http://www.loc.gov/standards/marcxml/schema/MARC21slim.xsd" type="Bibliographic">
         <leader>     cam  22      i 4500</leader>
         <controlfield tag="008">151119s2016    enka     b    001 0 eng  </controlfield>
            <datafield tag="010" ind1=" " ind2=" ">
               <subfield code="a">  2015045873</subfield>
            </datafield>
            <datafield tag="020" ind1=" " ind2=" ">
               <subfield code="a">9781472459114</subfield>
               <subfield code="q">hardcover</subfield>
               <subfield code="q">alkaline paper</subfield>
            </datafield>
            <datafield tag="020" ind1=" " ind2=" ">
               <subfield code="a">1472459113</subfield>
               <subfield code="q">hardcover</subfield>
               <subfield code="q">alkaline paper</subfield>
            </datafield>
            <datafield tag="050" ind1="0" ind2="0">
               <subfield code="a">ND3361.R5</subfield>
               <subfield code="b">B37 2016</subfield>
            </datafield>
            <datafield tag="082" ind1="0" ind2="0">
               <subfield code="a">745.6/709409023</subfield>
               <subfield code="2">23</subfield>
            </datafield>
            <datafield tag="100" ind1="1" ind2=" ">
               <subfield code="a">Bartal, Renana,</subfield>
               <subfield code="d">1977-</subfield>
               <subfield code="e">author.</subfield>
            </datafield>
            <datafield tag="245" ind1="1" ind2="0">
               <subfield code="a">Gender, piety, and production in fourteenth-century English Apocalypse manuscripts /</subfield>
               <subfield code="c">Renana Bartal.</subfield>
            </datafield>
            <datafield tag="264" ind1=" " ind2="1">
               <subfield code="a">Abingdon, Oxon ;</subfield>
               <subfield code="a">New York :</subfield>
               <subfield code="b">Routledge,</subfield>
               <subfield code="c">2016.</subfield>
            </datafield>
            <datafield tag="300" ind1=" " ind2=" ">
               <subfield code="a">xv, 181 pages :</subfield>
               <subfield code="b">illustrations (some color) ;</subfield>
               <subfield code="c">24 cm</subfield>
            </datafield>
            <datafield tag="500" ind1=" " ind2=" ">
               <subfield code="a">&quot;An Ashgate book&quot;.</subfield>
            </datafield>
            <datafield tag="504" ind1=" " ind2=" ">
               <subfield code="a">Includes bibliographical references and index.</subfield>
            </datafield>
            <datafield tag="505" ind1="0" ind2=" ">
               <subfield code="a">Seeing with Spiritual Eyes: The Pepys Apocalypse -- A Book Designed for a Lady: The Selden Apocalypse -- Knowledge and Ascent: The Brussels Apocalypse -- Concluding Remarks: The Care of Souls and the Artist as Author.</subfield>
            </datafield>
            <datafield tag="630" ind1="0" ind2="0">
               <subfield code="a">Bible.</subfield>
               <subfield code="p">Revelation</subfield>
               <subfield code="v">Illustrations.</subfield>
            </datafield>
            <datafield tag="630" ind1="0" ind2="7">
               <subfield code="a">Bible.</subfield>
               <subfield code="p">Revelation</subfield>
               <subfield code="2">fast</subfield>
               <subfield code="0">(OCoLC)fst01892943</subfield>
            </datafield>
            <datafield tag="650" ind1=" " ind2="0">
               <subfield code="a">Illumination of books and manuscripts, English</subfield>
               <subfield code="y">14th century.</subfield>
            </datafield>
            <datafield tag="650" ind1=" " ind2="0">
               <subfield code="a">Illumination of books and manuscripts, Gothic</subfield>
               <subfield code="z">England</subfield>
               <subfield code="y">14th century.</subfield>
            </datafield>
            <datafield tag="650" ind1=" " ind2="0">
               <subfield code="a">Women art patrons</subfield>
               <subfield code="z">England</subfield>
               <subfield code="x">History</subfield>
               <subfield code="y">To 1500.</subfield>
            </datafield>
            <datafield tag="650" ind1=" " ind2="0">
               <subfield code="a">Women and literature</subfield>
               <subfield code="z">England</subfield>
               <subfield code="x">History</subfield>
               <subfield code="y">To 1500.</subfield>
            </datafield>
            <datafield tag="650" ind1=" " ind2="0">
               <subfield code="a">Women</subfield>
               <subfield code="x">Religious life</subfield>
               <subfield code="z">England</subfield>
               <subfield code="x">History</subfield>
               <subfield code="y">To 1500.</subfield>
            </datafield>
            <datafield tag="650" ind1=" " ind2="0">
               <subfield code="a">Artists and patrons</subfield>
               <subfield code="z">England</subfield>
               <subfield code="x">History</subfield>
               <subfield code="y">To 1500.</subfield>
            </datafield>
            <datafield tag="650" ind1=" " ind2="0">
               <subfield code="a">Scriptoria</subfield>
               <subfield code="z">England</subfield>
               <subfield code="x">History</subfield>
               <subfield code="y">To 1500.</subfield>
            </datafield>
            <datafield tag="650" ind1=" " ind2="7">
               <subfield code="a">Artists and patrons.</subfield>
               <subfield code="2">fast</subfield>
               <subfield code="0">(OCoLC)fst00817639</subfield>
            </datafield>
            <datafield tag="650" ind1=" " ind2="7">
               <subfield code="a">Illumination of books and manuscripts, English.</subfield>
               <subfield code="2">fast</subfield>
               <subfield code="0">(OCoLC)fst00967283</subfield>
            </datafield>
            <datafield tag="650" ind1=" " ind2="7">
               <subfield code="a">Illumination of books and manuscripts, Gothic.</subfield>
               <subfield code="2">fast</subfield>
               <subfield code="0">(OCoLC)fst00967296</subfield>
            </datafield>
            <datafield tag="650" ind1=" " ind2="7">
               <subfield code="a">Intellectual life.</subfield>
               <subfield code="2">fast</subfield>
               <subfield code="0">(OCoLC)fst00975769</subfield>
            </datafield>
            <datafield tag="650" ind1=" " ind2="7">
               <subfield code="a">Scriptoria.</subfield>
               <subfield code="2">fast</subfield>
               <subfield code="0">(OCoLC)fst01109404</subfield>
            </datafield>
            <datafield tag="650" ind1=" " ind2="7">
               <subfield code="a">Women and literature.</subfield>
               <subfield code="2">fast</subfield>
               <subfield code="0">(OCoLC)fst01177093</subfield>
            </datafield>
            <datafield tag="650" ind1=" " ind2="7">
               <subfield code="a">Women art patrons.</subfield>
               <subfield code="2">fast</subfield>
               <subfield code="0">(OCoLC)fst01177151</subfield>
            </datafield>
            <datafield tag="650" ind1=" " ind2="7">
               <subfield code="a">Women</subfield>
               <subfield code="x">Religious life.</subfield>
               <subfield code="2">fast</subfield>
               <subfield code="0">(OCoLC)fst01176921</subfield>
            </datafield>
            <datafield tag="651" ind1=" " ind2="0">
               <subfield code="a">England</subfield>
               <subfield code="x">Intellectual life</subfield>
               <subfield code="y">1066-1485.</subfield>
            </datafield>
            <datafield tag="651" ind1=" " ind2="7">
               <subfield code="a">England.</subfield>
               <subfield code="2">fast</subfield>
               <subfield code="0">(OCoLC)fst01219920</subfield>
            </datafield>
            <datafield tag="655" ind1=" " ind2="7">
               <subfield code="a">History.</subfield>
               <subfield code="2">fast</subfield>
               <subfield code="0">(OCoLC)fst01411628</subfield>
            </datafield>
            <datafield tag="655" ind1=" " ind2="7">
               <subfield code="a">Illustrated works.</subfield>
               <subfield code="2">fast</subfield>
               <subfield code="0">(OCoLC)fst01423873</subfield>
            </datafield>
            <datafield tag="999" ind1=" " ind2=" ">
               <subfield code="a">ND3361.R5B37 2016</subfield>
               <subfield code="w">LC</subfield>
               <subfield code="c">1</subfield>
               <subfield code="i">000078510340</subfield>
               <subfield code="d">2/17/2021</subfield>
               <subfield code="e">10/29/2020</subfield>
               <subfield code="l">PATTEE-2</subfield>
               <subfield code="m">UP-PAT</subfield>
               <subfield code="n">1</subfield>
               <subfield code="r">Y</subfield>
               <subfield code="s">Y</subfield>
               <subfield code="t">BOOK</subfield>
               <subfield code="u">8/9/2016</subfield>
            </datafield>
      </record>
    </metadata>
  </record>