
   <record> 
    <header>
      <identifier>oai:cat.libraries.psu.edu:18158498</identifier> 
      <datestamp>2022-12-16</datestamp>
      <setSpec>BOOK</setSpec> 
    </header>
    <metadata>
      <record xmlns="http://www.loc.gov/MARC21/slim" xsi:schemaLocation="http://www.loc.gov/MARC21/slim http://www.loc.gov/standards/marcxml/schema/MARC21slim.xsd" type="Bibliographic">
         <leader>     cam  22      i 4500</leader>
         <controlfield tag="008">160203t20162016enka     b    001 0 eng  </controlfield>
            <datafield tag="010" ind1=" " ind2=" ">
               <subfield code="a">  2016003714</subfield>
            </datafield>
            <datafield tag="020" ind1=" " ind2=" ">
               <subfield code="a">9781118288894</subfield>
               <subfield code="q">hardcover</subfield>
            </datafield>
            <datafield tag="020" ind1=" " ind2=" ">
               <subfield code="a">1118288890</subfield>
               <subfield code="q">hardcover</subfield>
            </datafield>
            <datafield tag="050" ind1="0" ind2="0">
               <subfield code="a">PN1995.9.W3</subfield>
               <subfield code="b">C66 2016</subfield>
            </datafield>
            <datafield tag="082" ind1="0" ind2="0">
               <subfield code="a">791.43/658</subfield>
               <subfield code="2">23</subfield>
            </datafield>
            <datafield tag="245" ind1="0" ind2="2">
               <subfield code="a">A companion to the war film /</subfield>
               <subfield code="c">edited by Douglas A. Cunningham and John C. Nelson.</subfield>
            </datafield>
            <datafield tag="264" ind1=" " ind2="1">
               <subfield code="a">Chichester, West Sussex ;</subfield>
               <subfield code="a">Malden, MA :</subfield>
               <subfield code="b">John Wiley &amp; Sons, Inc.,</subfield>
               <subfield code="c">2016.</subfield>
            </datafield>
            <datafield tag="264" ind1=" " ind2="4">
               <subfield code="c">©2016</subfield>
            </datafield>
            <datafield tag="300" ind1=" " ind2=" ">
               <subfield code="a">xii, 459 pages ;</subfield>
               <subfield code="c">25 cm</subfield>
            </datafield>
            <datafield tag="500" ind1=" " ind2=" ">
               <subfield code="a">Machine generated contents note: Notes on Contributors Introduction 01 &quot;Hearing&quot; the Music in War Films Robert Eberwein 02 Antilochus's Burden: The Crisis-Catharsis Rhetoric of Bereavement Messages David Ryan 03 War Films in an Age of War and Cinema John Garofolo 04 Exploring War Horror's Narrative Punch in Spielberg's Munich and Saving Private Ryan Sandra Singer 05 The Service Tragicomedy: From Woody Allen to Full Metal Jacket Matthew Sorrento 06 The Wartime American Woman on Film: Home Front Soldier Jeanine Basinger 07 &quot;Conspiracy of Silence&quot;: The Containment of Military Women in World War II Newsreels and Short Films Anna Froula 08 Filming a Nuclear State: The USAF's Lookout Mountain Laboratory Kevin Hamilton and Ned O'Gorman 09 The Gendered Remembrance of Japanese-American Internment: Come See the Paradise and Snow Falling on Cedars Yuki Obayashi 10 &quot;The Angels of Bataan and Corregidor&quot;: Representing Nurses in the Pacific Theater Debra White-Stanley 11 In the Exigency of a National Cause: Bollywood's Responses to the Kargil War Kaustav Bakshi and Ramit Samaddar 12 Transnational Algerian War Cinema Revisited: Comic Relief in Merzak Allouache's Bab el-oued City and Bab el-Oued Christa Jones 13 Fifty Years Hence: The Forgotten War Remembered in South Korean and American Cinema John Nelson 14 Dresden (2006): Marketing the Bombing of Dresden in Germany, Great Britain, and the United States Linda R. Robertson 15 How to Recognize a War Movie: The Contemporary Science-Fiction Blockbuster as Military Recruitment Film Tanine Allison 16 Making Citizens out of Soldiers: Rearming the Individual in Paul May's 08/15 Mark Gagnon 17 Those at Home Also Serve: Women's Television and Embedded Military Realism in Army Wives (Lifetime, 2006-2014) Mary Elizabeth Haralovich 18 Generation Kill: The Invasion of Iraq As Seen on HBO Deborah L. Jaramillo 19 &quot;TiK ToK on the Clock, but the Party Don't Stop, No&quot;: The Parodic Military Dance Video on YouTube Leah Shafer 20 Kuwaiting for Godot: The Absurd Theatre of War in Jarhead Cason Murphy 21 The Meaning of the Soldier: In the Year of the Pig and Hearts and Minds Laura Browder 22 Why We (Shouldn't) Fight: The Double-Optic of the War Documentary Kris Fallon 23 A War for Everyone: Strategic Ambiguity in the Homefront War Drama Dan Hassoun 24 Is There Such a Thing as an Antiwar Film? Agnieszka Soltysik 25 Through a Soldier's Eyes: Stereoscopic Gazing in Operation Homecoming: Writing the Wartime Experience Kelly Wilz Index.</subfield>
            </datafield>
            <datafield tag="504" ind1=" " ind2=" ">
               <subfield code="a">Includes bibliographical references and index.</subfield>
            </datafield>
            <datafield tag="520" ind1=" " ind2=" ">
               <subfield code="a">&quot;A Companion to the War Film contains 27 original essays that examine all aspects of the genre, from the traditional war film, to the new global nature of conflicts, to the diverse formats war stories assume in today's digital culture&quot;--</subfield>
               <subfield code="c">Provided by publisher.</subfield>
            </datafield>
            <datafield tag="650" ind1=" " ind2="0">
               <subfield code="a">War films</subfield>
               <subfield code="x">History and criticism.</subfield>
            </datafield>
            <datafield tag="650" ind1=" " ind2="7">
               <subfield code="a">PERFORMING ARTS</subfield>
               <subfield code="x">Film &amp; Video</subfield>
               <subfield code="x">History &amp; Criticism.</subfield>
               <subfield code="2">bisacsh</subfield>
            </datafield>
            <datafield tag="650" ind1=" " ind2="7">
               <subfield code="a">War films.</subfield>
               <subfield code="2">fast</subfield>
               <subfield code="0">(OCoLC)fst01170482</subfield>
            </datafield>
            <datafield tag="655" ind1=" " ind2="7">
               <subfield code="a">Criticism, interpretation, etc.</subfield>
               <subfield code="2">fast</subfield>
               <subfield code="0">(OCoLC)fst01411635</subfield>
            </datafield>
            <datafield tag="700" ind1="1" ind2=" ">
               <subfield code="a">Cunningham, Douglas A.,</subfield>
               <subfield code="d">1969-</subfield>
               <subfield code="e">editor.</subfield>
            </datafield>
            <datafield tag="700" ind1="1" ind2=" ">
               <subfield code="a">Nelson, John C.,</subfield>
               <subfield code="d">1964-</subfield>
               <subfield code="e">editor.</subfield>
            </datafield>
            <datafield tag="776" ind1="0" ind2="8">
               <subfield code="i">Online version:</subfield>
               <subfield code="t">Companion to the war film.</subfield>
               <subfield code="d">Malden, MA : John Wiley &amp; Sons, Inc., 2016</subfield>
               <subfield code="z">9781118337622</subfield>
               <subfield code="w">(DLC)  2016006956</subfield>
            </datafield>
            <datafield tag="999" ind1=" " ind2=" ">
               <subfield code="a">PN1995.9.W3C66 2016</subfield>
               <subfield code="w">LC</subfield>
               <subfield code="c">1</subfield>
               <subfield code="i">000079030151</subfield>
               <subfield code="d">12/8/2022</subfield>
               <subfield code="e">12/8/2022</subfield>
               <subfield code="k">ILL</subfield>
               <subfield code="l">PATTEE-2A</subfield>
               <subfield code="m">UP-PAT</subfield>
               <subfield code="n">4</subfield>
               <subfield code="r">M</subfield>
               <subfield code="s">Y</subfield>
               <subfield code="t">BOOK</subfield>
               <subfield code="u">8/9/2016</subfield>
            </datafield>
      </record>
    </metadata>
  </record>