
   <record> 
    <header>
      <identifier>oai:cat.libraries.psu.edu:18158500</identifier> 
      <datestamp>2022-12-16</datestamp>
      <setSpec>BOOK</setSpec> 
    </header>
    <metadata>
      <record xmlns="http://www.loc.gov/MARC21/slim" xsi:schemaLocation="http://www.loc.gov/MARC21/slim http://www.loc.gov/standards/marcxml/schema/MARC21slim.xsd" type="Bibliographic">
         <leader>     cam  22     Ii 4500</leader>
         <controlfield tag="008">151201t20162016enk      b    011 0 eng d</controlfield>
            <datafield tag="020" ind1=" " ind2=" ">
               <subfield code="a">0719097630</subfield>
            </datafield>
            <datafield tag="020" ind1=" " ind2=" ">
               <subfield code="a">9780719097638</subfield>
            </datafield>
            <datafield tag="050" ind1=" " ind2="4">
               <subfield code="a">DC64</subfield>
               <subfield code="b">.R45 2016</subfield>
            </datafield>
            <datafield tag="082" ind1="0" ind2="4">
               <subfield code="a">944/.01</subfield>
               <subfield code="2">23</subfield>
            </datafield>
            <datafield tag="245" ind1="0" ind2="0">
               <subfield code="a">Religious Franks :</subfield>
               <subfield code="b">religion and power in the Frankish kingdoms : studies in honour of Mayke de Jong /</subfield>
               <subfield code="c">edited by Rob Meens, Dorine van Espelo [and four others].</subfield>
            </datafield>
            <datafield tag="264" ind1=" " ind2="1">
               <subfield code="a">Manchester :</subfield>
               <subfield code="b">Manchester University Press,</subfield>
               <subfield code="c">2016.</subfield>
            </datafield>
            <datafield tag="264" ind1=" " ind2="4">
               <subfield code="c">©2016</subfield>
            </datafield>
            <datafield tag="300" ind1=" " ind2=" ">
               <subfield code="a">xix, 559 pages ;</subfield>
               <subfield code="c">24 cm</subfield>
            </datafield>
            <datafield tag="504" ind1=" " ind2=" ">
               <subfield code="a">Includes bibliographical references (pages 489-547) and index.</subfield>
            </datafield>
            <datafield tag="505" ind1="0" ind2=" ">
               <subfield code="a">Machine generated contents note: I.Defining royal authority: religious discourse and political polemic -- 1.The rhetoric of election: 1 Peter 2.9 and the Franks / Walter Pohl -- 2.Adopt, adapt and improve: dealing with the Adoptionist controversy at the court of Charlemagne / Rutger Kramer -- 3.The ruler as referee in theological debates: Reccared and Charlemagne / Irene van Renswoude -- 4.The ruler with the sword in the Utrecht Psalter / Bart Jaski -- II.Royal power in action: correctio -- 5.Reform and the Merovingian Church / Ian Wood -- 6.`... but they pray badly using corrected books': errors in early Carolingian copies of the Admonitio generalis / Marco Mostert -- 7.Emendatio and effectus in Frankish prayer traditions / Els Rose -- 8.Alcuin, Seneca and the Brahmins of India / Yitzhak Hen -- 9.`Et hoc considerat episcopus, ut ipsi presbyteri non sint idiothae': Carolingian local correctio and an unknown priests' exam from the early ninth century / Carine van Rhijn -- 10.Religious Saxons: paganism, infidelity and biblical punishment in the Capitulatio de partibus Saxoniae / Robert Flierman -- 11.An admonition too far? The sermon De cupiditate by Ambrose Autpertus / Maximilian Diesenberger -- 12.Three annotated letter manuscripts: scholarly practices of religious Franks in the margin unveiled / Mariken Teeuwen -- III.Monastic powerhouses and centres of learning -- 13.The Carolingians and the Regula Benedicti / Albrecht Diem -- 14.Reichenau and its amici viventes: competition and cooperation? / Rigine Le Jan -- 15.Monte Cassino and Carolingian politics around 800 / Sven Meeder -- 16.A mirror of princes who opted out: Regino of Prum and royal monastic conversion / Rob Meens -- IV.Powerful bishops -- 17.Merovingian gospel readings in Northumbria: the legacy of Wilfrid? / David Ganz -- 18.Bishops in the mirror: from self-representation to episcopal model. The case of the eloquent bishops Ambrose of Milan and Gregory the Great / Giorgia Vocino -- 19.Charlemagne and the bishops / Jinty Nelson -- 20.The Penance of Attigny (822) and the leadership of the bishops in amending Carolingian society / Philippe Depreux -- 21.From Justinian to Louis the Pious: inalienability of church property and the sovereignty of a ruler in the ninth century / Steffen Patzold -- 22.Incest, penance and a murdered bishop: the legend of Frederic of Utrecht / Bram van den Hoven van Genderen -- V.Franks and Rome -- 23.Pippin III and the sandals of Christ: the making and unmaking of an early medieval relic / Julia M. H. Smith -- 24.Rulers, popes and bishops: the historical context of the ninth-century Cologne Codex Carolinus manuscript (Codex Vindobonensis 449) / Dorine van Espelo -- 25.Pope Nicholas I and the Franks: politics and ecclesiology in the ninth century / Tom Noble.</subfield>
            </datafield>
            <datafield tag="650" ind1=" " ind2="0">
               <subfield code="a">Franks</subfield>
               <subfield code="x">History.</subfield>
            </datafield>
            <datafield tag="650" ind1=" " ind2="0">
               <subfield code="a">Religion and politics</subfield>
               <subfield code="z">France.</subfield>
            </datafield>
            <datafield tag="650" ind1=" " ind2="7">
               <subfield code="a">Franks.</subfield>
               <subfield code="2">fast</subfield>
               <subfield code="0">(OCoLC)fst00933759</subfield>
            </datafield>
            <datafield tag="650" ind1=" " ind2="7">
               <subfield code="a">Religion and politics.</subfield>
               <subfield code="2">fast</subfield>
               <subfield code="0">(OCoLC)fst01093842</subfield>
            </datafield>
            <datafield tag="651" ind1=" " ind2="7">
               <subfield code="a">France.</subfield>
               <subfield code="2">fast</subfield>
               <subfield code="0">(OCoLC)fst01204289</subfield>
            </datafield>
            <datafield tag="655" ind1=" " ind2="7">
               <subfield code="a">History.</subfield>
               <subfield code="2">fast</subfield>
               <subfield code="0">(OCoLC)fst01411628</subfield>
            </datafield>
            <datafield tag="700" ind1="1" ind2=" ">
               <subfield code="a">Meens, Rob,</subfield>
               <subfield code="d">1959-</subfield>
               <subfield code="e">editor.</subfield>
            </datafield>
            <datafield tag="700" ind1="1" ind2=" ">
               <subfield code="a">Van Espelo, Dorine ,</subfield>
               <subfield code="e">editor.</subfield>
            </datafield>
            <datafield tag="700" ind1="1" ind2=" ">
               <subfield code="a">De Jong, Mayke,</subfield>
               <subfield code="e">honouree.</subfield>
            </datafield>
            <datafield tag="999" ind1=" " ind2=" ">
               <subfield code="a">DC64.R45 2016</subfield>
               <subfield code="w">LC</subfield>
               <subfield code="c">1</subfield>
               <subfield code="i">000079030304</subfield>
               <subfield code="d">8/7/2017</subfield>
               <subfield code="e">1/9/2017</subfield>
               <subfield code="l">PATTEE-BA</subfield>
               <subfield code="m">UP-PAT</subfield>
               <subfield code="n">2</subfield>
               <subfield code="r">Y</subfield>
               <subfield code="s">Y</subfield>
               <subfield code="t">BOOK</subfield>
               <subfield code="u">8/9/2016</subfield>
            </datafield>
      </record>
    </metadata>
  </record>