
   <record> 
    <header>
      <identifier>oai:cat.libraries.psu.edu:18158501</identifier> 
      <datestamp>2022-12-16</datestamp>
      <setSpec>BOOK</setSpec> 
    </header>
    <metadata>
      <record xmlns="http://www.loc.gov/MARC21/slim" xsi:schemaLocation="http://www.loc.gov/MARC21/slim http://www.loc.gov/standards/marcxml/schema/MARC21slim.xsd" type="Bibliographic">
         <leader>     cam  22      i 4500</leader>
         <controlfield tag="008">151127s2016    ne a     b    000 0 eng d</controlfield>
            <datafield tag="020" ind1=" " ind2=" ">
               <subfield code="a">9789460223839</subfield>
            </datafield>
            <datafield tag="020" ind1=" " ind2=" ">
               <subfield code="a">9460223834</subfield>
            </datafield>
            <datafield tag="050" ind1="1" ind2="4">
               <subfield code="a">NA1526</subfield>
               <subfield code="b">.P37 2016</subfield>
            </datafield>
            <datafield tag="082" ind1="0" ind2="4">
               <subfield code="a">720.9598</subfield>
               <subfield code="2">23</subfield>
            </datafield>
            <datafield tag="100" ind1="1" ind2=" ">
               <subfield code="a">Passchier, Cor,</subfield>
               <subfield code="e">author.</subfield>
            </datafield>
            <datafield tag="245" ind1="1" ind2="0">
               <subfield code="a">Building in Indonesia, 1600-1960 /</subfield>
               <subfield code="c">Cor Passchier.</subfield>
            </datafield>
            <datafield tag="264" ind1=" " ind2="1">
               <subfield code="a">Volendam :</subfield>
               <subfield code="b">LM Publishers,</subfield>
               <subfield code="c">[2016]</subfield>
            </datafield>
            <datafield tag="300" ind1=" " ind2=" ">
               <subfield code="a">247 pages :</subfield>
               <subfield code="b">illustrations (some color) ;</subfield>
               <subfield code="c">29 cm</subfield>
            </datafield>
            <datafield tag="505" ind1="0" ind2=" ">
               <subfield code="a">Machine generated contents note: The Dutch East Indies Company (voc) -- The establishment of the voc -- Forts -- Identifying and inventarising forts -- Rendezvous port -- The city of Batavia -- Urban development -- The Craft Quarter -- Life in the walled city -- Outwards: the `gardens' of Batavia -- The Reinier de Klerk house -- A merchant builds a house -- From Molenvlietschedijk to five-lane motorwa -- Research and restoration -- The Dutch East Indies -- The colony under the control of the Dutch state -- A new era -- The Crote Postweg -- Weltevreden, a new town in the south -- Weltevreden in the nineteenth century -- The Koningsplein and its surroundings -- The palace in Buitenzorg (Bogor) -- Classicist building in the colony, a worn out formula -- Nineteenth-century East Indies houses -- A unique house -- Forts in the nineteenth century -- Towards a modern colony -- The reformation of the colonial system -- The Cultivation System, the motor behind progress -- Irrigation -- Roads -- Railways -- Bridges -- The opening up of the archipelago -- Seaports -- Shipping -- The colonial project -- Paternalism and idealism -- Decentralisation and the rise of the East Indies city municipalities -- The colonial city -- Five cities -- Batavia -- Urban growth -- Plans for expansion in the south -- Surabaya (Soerabaja) -- The old town of Surabaya -- Urban development -- The post-colonial period -- Architecture and building -- Bandung (Bandoeng) -- The city on the plateau -- Development and layout, 1900-42 -- Architects and building -- Present-day Bandung -- Makassar -- The Dutch East Indies Company (voc) -- The embryonic city -- The colonial city -- The modern city -- A beach promenade as a consequence of a tsunami -- The mayor's thoughts on city expansion -- Makassar at the end of the 1940s -- Medan -- Planters and merchants -- The world of the planters -- The colonial city -- The embryonic city -- Around the turn of the century -- The modern city of Medan -- The late colonial period -- Living in the twentieth century -- Housing and hygiene -- The kampung -- Small-scale housing -- Commercial companies and housing -- Modern living -- Green suburbs -- The house, a small palace -- Surabaya (1922) -- Bandung (1933) -- Makassar (1938) -- Life in the hills -- Architects and building -- A new beginning -- An eclectic building in Batavia -- A modern office building in Semarang -- The government and building -- The NILLMIJ office building in Batavia -- The National Building Service -- The colonial construction market -- Pasar Johar in Semarang and Pasar Cinde in Palembang -- New times, other customs -- The Javasche Bank in Batavia -- The search for a new architectural style -- The post and telegraph office in Medan -- The Kunstkring (Art Society) building in Batavia -- Complacency -- Berlage's trip to the East Indies -- Indo-European architecture -- The Sobokartti Public Theatre in Semarang -- The state of affairs -- Buildings from the 1920s -- The KPM offices in Batavia -- Cheribon's town hall -- The NILLMIJ office in Yogyakarta -- The post office in Batavia's lower city -- Malang's town hall -- Tandjong Priok railway station -- Modern building -- The offices of `de Factorij', the Nhm's headquarters in Batavia -- Hotel des Indes in Batavia -- Buildings on the airfields in Batavia and Bandung -- Palembang's town hall and water tower -- Stagnation, decline and renewal -- The final years of the colony -- Streamline architecture, the other way to build -- Modern building -- Tradition and modernity -- The Japanese intermezzo -- The occupation -- Building in Indonesia -- A free Indonesia -- Architects and building -- Kebayoran Baru -- A task and a challenge.</subfield>
            </datafield>
            <datafield tag="520" ind1="8" ind2=" ">
               <subfield code="a">This book is about architecture and urban planning, a main theme related to historical infrastructural development in the Indonesian archipelago. Through the centuries, the construction of roads and bridges, later the railways and the introduction of motorized transport causes an increasing accessibility and a deeper exploration of the hinterland on the larger islands; which given rise to the establishment of agribusiness on a large scale and new town settlements.</subfield>
            </datafield>
            <datafield tag="650" ind1=" " ind2="0">
               <subfield code="a">Architecture</subfield>
               <subfield code="z">Indonesia</subfield>
               <subfield code="x">History.</subfield>
            </datafield>
            <datafield tag="650" ind1=" " ind2="0">
               <subfield code="a">Architecture, Domestic</subfield>
               <subfield code="z">Indonesia</subfield>
               <subfield code="x">History.</subfield>
            </datafield>
            <datafield tag="650" ind1=" " ind2="0">
               <subfield code="a">Architecture, Industrial</subfield>
               <subfield code="z">Indonesia</subfield>
               <subfield code="x">History.</subfield>
            </datafield>
            <datafield tag="999" ind1=" " ind2=" ">
               <subfield code="a">NA1526.P37 2016</subfield>
               <subfield code="w">LC</subfield>
               <subfield code="c">1</subfield>
               <subfield code="i">000079030694</subfield>
               <subfield code="d">8/22/2016</subfield>
               <subfield code="l">STACKS-AC</subfield>
               <subfield code="m">UP-ARCHIT</subfield>
               <subfield code="r">Y</subfield>
               <subfield code="s">Y</subfield>
               <subfield code="t">BOOK</subfield>
               <subfield code="u">8/9/2016</subfield>
            </datafield>
      </record>
    </metadata>
  </record>