
   <record> 
    <header>
      <identifier>oai:cat.libraries.psu.edu:18158502</identifier> 
      <datestamp>2022-12-16</datestamp>
      <setSpec>BOOK</setSpec> 
    </header>
    <metadata>
      <record xmlns="http://www.loc.gov/MARC21/slim" xsi:schemaLocation="http://www.loc.gov/MARC21/slim http://www.loc.gov/standards/marcxml/schema/MARC21slim.xsd" type="Bibliographic">
         <leader>     cam  22      i 4500</leader>
         <controlfield tag="008">151202s2016    flua          001 0 eng  </controlfield>
            <datafield tag="010" ind1=" " ind2=" ">
               <subfield code="a">  2015047449</subfield>
            </datafield>
            <datafield tag="020" ind1=" " ind2=" ">
               <subfield code="a">9781138920064</subfield>
               <subfield code="q">paperback</subfield>
               <subfield code="q">alkaline paper</subfield>
            </datafield>
            <datafield tag="020" ind1=" " ind2=" ">
               <subfield code="a">1138920061</subfield>
               <subfield code="q">paperback</subfield>
               <subfield code="q">alkaline paper</subfield>
            </datafield>
            <datafield tag="035" ind1=" " ind2=" ">
               <subfield code="a">(OCoLC)931226964</subfield>
               <subfield code="z">(OCoLC)927383148</subfield>
               <subfield code="z">(OCoLC)943678659</subfield>
            </datafield>
            <datafield tag="050" ind1="0" ind2="0">
               <subfield code="a">QA76.76.C672</subfield>
               <subfield code="b">A42154 2016</subfield>
            </datafield>
            <datafield tag="082" ind1="0" ind2="0">
               <subfield code="a">794.8/1526</subfield>
               <subfield code="2">23</subfield>
            </datafield>
            <datafield tag="100" ind1="1" ind2=" ">
               <subfield code="a">Ahearn, Luke,</subfield>
               <subfield code="e">author.</subfield>
            </datafield>
            <datafield tag="245" ind1="1" ind2="0">
               <subfield code="a">3D game textures :</subfield>
               <subfield code="b">create professional game art using Photoshop /</subfield>
               <subfield code="c">Luke Ahearn.</subfield>
            </datafield>
            <datafield tag="250" ind1=" " ind2=" ">
               <subfield code="a">Fourth edition.</subfield>
            </datafield>
            <datafield tag="264" ind1=" " ind2="1">
               <subfield code="a">Boca Raton, FL :</subfield>
               <subfield code="b">CRC Press, Taylor &amp; Francis Group,</subfield>
               <subfield code="c">[2016]</subfield>
            </datafield>
            <datafield tag="300" ind1=" " ind2=" ">
               <subfield code="a">xix, 391 pages ;</subfield>
               <subfield code="c">26 cm</subfield>
            </datafield>
            <datafield tag="500" ind1=" " ind2=" ">
               <subfield code="a">Includes index.</subfield>
            </datafield>
            <datafield tag="505" ind1="0" ind2=" ">
               <subfield code="a">The basics of art -- The basics of computer graphic technology -- Introduction to shaders and materials -- Preparing for texture creation -- Sci-fi hallway, basic shaders : diffuse, illumination and opacity -- The urban setting : low polygon, high texture detail -- The fantasy setting : high polygon, high texture detail -- Exteriors -- Game effects -- Normal maps and multi-pass shaders.</subfield>
            </datafield>
            <datafield tag="630" ind1="0" ind2="0">
               <subfield code="a">Adobe Photoshop.</subfield>
            </datafield>
            <datafield tag="630" ind1="0" ind2="7">
               <subfield code="a">Adobe Photoshop.</subfield>
               <subfield code="2">fast</subfield>
               <subfield code="0">(OCoLC)fst01378295</subfield>
            </datafield>
            <datafield tag="650" ind1=" " ind2="0">
               <subfield code="a">Computer games</subfield>
               <subfield code="x">Programming.</subfield>
            </datafield>
            <datafield tag="650" ind1=" " ind2="0">
               <subfield code="a">Computer graphics.</subfield>
            </datafield>
            <datafield tag="650" ind1=" " ind2="7">
               <subfield code="a">Computer games</subfield>
               <subfield code="x">Programming.</subfield>
               <subfield code="2">fast</subfield>
               <subfield code="0">(OCoLC)fst00872114</subfield>
            </datafield>
            <datafield tag="650" ind1=" " ind2="7">
               <subfield code="a">Computer graphics.</subfield>
               <subfield code="2">fast</subfield>
               <subfield code="0">(OCoLC)fst00872119</subfield>
            </datafield>
            <datafield tag="999" ind1=" " ind2=" ">
               <subfield code="a">QA76.76.C672A42154 2016</subfield>
               <subfield code="w">LC</subfield>
               <subfield code="c">1</subfield>
               <subfield code="i">000079030854</subfield>
               <subfield code="d">8/24/2016</subfield>
               <subfield code="f">8/24/2016</subfield>
               <subfield code="g">1</subfield>
               <subfield code="l">STACKS-EG</subfield>
               <subfield code="m">UP-ENGIN</subfield>
               <subfield code="r">Y</subfield>
               <subfield code="s">Y</subfield>
               <subfield code="t">BOOK</subfield>
               <subfield code="u">8/9/2016</subfield>
            </datafield>
      </record>
    </metadata>
  </record>