
   <record> 
    <header>
      <identifier>oai:cat.libraries.psu.edu:18158503</identifier> 
      <datestamp>2022-12-16</datestamp>
      <setSpec>BOOK</setSpec> 
    </header>
    <metadata>
      <record xmlns="http://www.loc.gov/MARC21/slim" xsi:schemaLocation="http://www.loc.gov/MARC21/slim http://www.loc.gov/standards/marcxml/schema/MARC21slim.xsd" type="Bibliographic">
         <leader>     cam  22      i 4500</leader>
         <controlfield tag="008">160202s2016    nyu      b    001 0 eng  </controlfield>
            <datafield tag="010" ind1=" " ind2=" ">
               <subfield code="a">  2015045441</subfield>
            </datafield>
            <datafield tag="020" ind1=" " ind2=" ">
               <subfield code="a">9781138659346</subfield>
               <subfield code="q">(hbk.)</subfield>
            </datafield>
            <datafield tag="020" ind1=" " ind2=" ">
               <subfield code="a">1138659347</subfield>
               <subfield code="q">(hbk.)</subfield>
            </datafield>
            <datafield tag="050" ind1="0" ind2="0">
               <subfield code="a">BJ59</subfield>
               <subfield code="b">.P84 2016</subfield>
            </datafield>
            <datafield tag="082" ind1="0" ind2="0">
               <subfield code="a">174/.96</subfield>
               <subfield code="2">23</subfield>
            </datafield>
            <datafield tag="100" ind1="1" ind2=" ">
               <subfield code="a">Puech, Michel,</subfield>
               <subfield code="e">author.</subfield>
            </datafield>
            <datafield tag="245" ind1="1" ind2="4">
               <subfield code="a">The ethics of ordinary technology /</subfield>
               <subfield code="c">Michel Puech.</subfield>
            </datafield>
            <datafield tag="264" ind1=" " ind2="1">
               <subfield code="a">New York :</subfield>
               <subfield code="b">Routledge,</subfield>
               <subfield code="c">2016.</subfield>
            </datafield>
            <datafield tag="300" ind1=" " ind2=" ">
               <subfield code="a">230 pages ;</subfield>
               <subfield code="c">24 cm.</subfield>
            </datafield>
            <datafield tag="490" ind1="1" ind2=" ">
               <subfield code="a">Routledge studies in science, technology and society ;</subfield>
               <subfield code="v">33</subfield>
            </datafield>
            <datafield tag="504" ind1=" " ind2=" ">
               <subfield code="a">Includes bibliographical references and index.</subfield>
            </datafield>
            <datafield tag="505" ind1="0" ind2=" ">
               <subfield code="a">An introduction to technoethics -- Technosapiens : the coevolution of nature, humankind, and technology -- Ordinary technologies and ethical significance -- The self in the age of pervasive technology -- Deep sustainability and personal microactions -- Ordinary wisdom in the technosphere.</subfield>
            </datafield>
            <datafield tag="650" ind1=" " ind2="0">
               <subfield code="a">Technology</subfield>
               <subfield code="x">Moral and ethical aspects.</subfield>
            </datafield>
            <datafield tag="650" ind1=" " ind2="0">
               <subfield code="a">Technology and civilization.</subfield>
            </datafield>
            <datafield tag="650" ind1=" " ind2="0">
               <subfield code="a">Technology</subfield>
               <subfield code="x">Philosophy.</subfield>
            </datafield>
            <datafield tag="650" ind1=" " ind2="7">
               <subfield code="a">Technology and civilization.</subfield>
               <subfield code="2">fast</subfield>
               <subfield code="0">(OCoLC)fst01145253</subfield>
            </datafield>
            <datafield tag="650" ind1=" " ind2="7">
               <subfield code="a">Technology</subfield>
               <subfield code="x">Moral and ethical aspects.</subfield>
               <subfield code="2">fast</subfield>
               <subfield code="0">(OCoLC)fst01145164</subfield>
            </datafield>
            <datafield tag="650" ind1=" " ind2="7">
               <subfield code="a">Technology</subfield>
               <subfield code="x">Philosophy.</subfield>
               <subfield code="2">fast</subfield>
               <subfield code="0">(OCoLC)fst01145171</subfield>
            </datafield>
            <datafield tag="776" ind1="0" ind2="8">
               <subfield code="i">Electronic version:</subfield>
               <subfield code="a">Puech, Michel.</subfield>
               <subfield code="t">Ethics of ordinary technology.</subfield>
               <subfield code="d">Abingdon, Oxon ; New York : Routledge, 2016</subfield>
               <subfield code="z">9781317216506</subfield>
               <subfield code="w">(OCoLC)948511772</subfield>
            </datafield>
            <datafield tag="830" ind1=" " ind2="0">
               <subfield code="a">Routledge studies in science, technology, and society ;</subfield>
               <subfield code="v">33.</subfield>
            </datafield>
            <datafield tag="999" ind1=" " ind2=" ">
               <subfield code="a">BJ59.P84 2016</subfield>
               <subfield code="w">LC</subfield>
               <subfield code="c">1</subfield>
               <subfield code="i">000079030144</subfield>
               <subfield code="d">12/3/2018</subfield>
               <subfield code="e">9/12/2018</subfield>
               <subfield code="l">PATTEE-BA</subfield>
               <subfield code="m">UP-PAT</subfield>
               <subfield code="n">1</subfield>
               <subfield code="r">Y</subfield>
               <subfield code="s">Y</subfield>
               <subfield code="t">BOOK</subfield>
               <subfield code="u">8/9/2016</subfield>
            </datafield>
      </record>
    </metadata>
  </record>