
   <record> 
    <header>
      <identifier>oai:cat.libraries.psu.edu:18158504</identifier> 
      <datestamp>2022-12-16</datestamp>
      <setSpec>BOOK</setSpec> 
    </header>
    <metadata>
      <record xmlns="http://www.loc.gov/MARC21/slim" xsi:schemaLocation="http://www.loc.gov/MARC21/slim http://www.loc.gov/standards/marcxml/schema/MARC21slim.xsd" type="Bibliographic">
         <leader>     cam  22     Ii 4500</leader>
         <controlfield tag="008">151204t20162016nyuab    b    001 0 eng  </controlfield>
            <datafield tag="010" ind1=" " ind2=" ">
               <subfield code="a">  2015037839</subfield>
            </datafield>
            <datafield tag="020" ind1=" " ind2=" ">
               <subfield code="a">9780415810814</subfield>
               <subfield code="q">hardcover</subfield>
            </datafield>
            <datafield tag="020" ind1=" " ind2=" ">
               <subfield code="a">0415810817</subfield>
               <subfield code="q">hardcover</subfield>
            </datafield>
            <datafield tag="050" ind1="0" ind2="4">
               <subfield code="a">P40.5.L3572</subfield>
               <subfield code="b">I53 2016</subfield>
            </datafield>
            <datafield tag="082" ind1="0" ind2="0">
               <subfield code="a">306.442/97</subfield>
               <subfield code="2">23</subfield>
            </datafield>
            <datafield tag="245" ind1="0" ind2="0">
               <subfield code="a">Indigenous language revitalization in the Americas /</subfield>
               <subfield code="c">edited by Serafín M. Coronel-Molina and Teresa L. McCarty.</subfield>
            </datafield>
            <datafield tag="264" ind1=" " ind2="1">
               <subfield code="a">New York, NY :</subfield>
               <subfield code="b">Routledge,</subfield>
               <subfield code="c">2016.</subfield>
            </datafield>
            <datafield tag="264" ind1=" " ind2="4">
               <subfield code="c">©2016</subfield>
            </datafield>
            <datafield tag="300" ind1=" " ind2=" ">
               <subfield code="a">xi, 330 pages ;</subfield>
               <subfield code="c">24 cm</subfield>
            </datafield>
            <datafield tag="504" ind1=" " ind2=" ">
               <subfield code="a">Includes bibliographical references and indexes.</subfield>
            </datafield>
            <datafield tag="650" ind1=" " ind2="0">
               <subfield code="a">Language revival</subfield>
               <subfield code="z">America.</subfield>
            </datafield>
            <datafield tag="650" ind1=" " ind2="0">
               <subfield code="a">Language policy</subfield>
               <subfield code="z">America.</subfield>
            </datafield>
            <datafield tag="650" ind1=" " ind2="0">
               <subfield code="a">Language and culture</subfield>
               <subfield code="z">America.</subfield>
            </datafield>
            <datafield tag="650" ind1=" " ind2="0">
               <subfield code="a">Anthropological linguistics</subfield>
               <subfield code="z">America.</subfield>
            </datafield>
            <datafield tag="650" ind1=" " ind2="0">
               <subfield code="a">Sociolinguistics</subfield>
               <subfield code="z">America.</subfield>
            </datafield>
            <datafield tag="650" ind1=" " ind2="7">
               <subfield code="a">Anthropological linguistics.</subfield>
               <subfield code="2">fast</subfield>
               <subfield code="0">(OCoLC)fst00810178</subfield>
            </datafield>
            <datafield tag="650" ind1=" " ind2="7">
               <subfield code="a">Language and culture.</subfield>
               <subfield code="2">fast</subfield>
               <subfield code="0">(OCoLC)fst00992135</subfield>
            </datafield>
            <datafield tag="650" ind1=" " ind2="7">
               <subfield code="a">Language and languages.</subfield>
               <subfield code="2">fast</subfield>
               <subfield code="0">(OCoLC)fst00992154</subfield>
            </datafield>
            <datafield tag="650" ind1=" " ind2="7">
               <subfield code="a">Language policy.</subfield>
               <subfield code="2">fast</subfield>
               <subfield code="0">(OCoLC)fst00992402</subfield>
            </datafield>
            <datafield tag="650" ind1=" " ind2="7">
               <subfield code="a">Language revival.</subfield>
               <subfield code="2">fast</subfield>
               <subfield code="0">(OCoLC)fst00992415</subfield>
            </datafield>
            <datafield tag="650" ind1=" " ind2="7">
               <subfield code="a">Sociolinguistics.</subfield>
               <subfield code="2">fast</subfield>
               <subfield code="0">(OCoLC)fst01123847</subfield>
            </datafield>
            <datafield tag="651" ind1=" " ind2="0">
               <subfield code="a">America</subfield>
               <subfield code="x">Languages.</subfield>
            </datafield>
            <datafield tag="651" ind1=" " ind2="7">
               <subfield code="a">America.</subfield>
               <subfield code="2">fast</subfield>
               <subfield code="0">(OCoLC)fst01239786</subfield>
            </datafield>
            <datafield tag="700" ind1="1" ind2=" ">
               <subfield code="a">Coronel-Molina, Serafín M.,</subfield>
               <subfield code="e">editor.</subfield>
            </datafield>
            <datafield tag="700" ind1="1" ind2=" ">
               <subfield code="a">McCarty, T. L.,</subfield>
               <subfield code="e">editor.</subfield>
            </datafield>
            <datafield tag="999" ind1=" " ind2=" ">
               <subfield code="a">P40.5.L3572I53 2016</subfield>
               <subfield code="w">LC</subfield>
               <subfield code="c">1</subfield>
               <subfield code="i">000079030175</subfield>
               <subfield code="d">2/8/2019</subfield>
               <subfield code="e">1/28/2019</subfield>
               <subfield code="l">PATTEE-2</subfield>
               <subfield code="m">UP-PAT</subfield>
               <subfield code="n">1</subfield>
               <subfield code="q">1</subfield>
               <subfield code="r">Y</subfield>
               <subfield code="s">Y</subfield>
               <subfield code="t">BOOK</subfield>
               <subfield code="u">8/9/2016</subfield>
            </datafield>
      </record>
    </metadata>
  </record>