
   <record> 
    <header>
      <identifier>oai:cat.libraries.psu.edu:18158505</identifier> 
      <datestamp>2022-12-16</datestamp>
      <setSpec>BOOK</setSpec> 
    </header>
    <metadata>
      <record xmlns="http://www.loc.gov/MARC21/slim" xsi:schemaLocation="http://www.loc.gov/MARC21/slim http://www.loc.gov/standards/marcxml/schema/MARC21slim.xsd" type="Bibliographic">
         <leader>     cam  22      i 4500</leader>
         <controlfield tag="008">151210t20162016gw       b    001 0 eng d</controlfield>
            <datafield tag="020" ind1=" " ind2=" ">
               <subfield code="a">9783110464146</subfield>
               <subfield code="q">(hardback)</subfield>
            </datafield>
            <datafield tag="020" ind1=" " ind2=" ">
               <subfield code="a">3110464144</subfield>
               <subfield code="q">(hardback)</subfield>
            </datafield>
            <datafield tag="050" ind1=" " ind2="4">
               <subfield code="a">PT1109.J4</subfield>
               <subfield code="b">B37 2016</subfield>
            </datafield>
            <datafield tag="100" ind1="1" ind2=" ">
               <subfield code="a">Barouch, Lina,</subfield>
               <subfield code="d">1974-</subfield>
               <subfield code="e">author.</subfield>
            </datafield>
            <datafield tag="245" ind1="1" ind2="0">
               <subfield code="a">Between German and Hebrew :</subfield>
               <subfield code="b">the counterlanguages of Gershom Scholem, Werner Kraft and Ludwig Strauss /</subfield>
               <subfield code="c">Lina Barouch.</subfield>
            </datafield>
            <datafield tag="264" ind1=" " ind2="1">
               <subfield code="a">Berlin :</subfield>
               <subfield code="b">De Gruyter Oldenbourg,</subfield>
               <subfield code="c">[2016]</subfield>
            </datafield>
            <datafield tag="264" ind1=" " ind2="4">
               <subfield code="c">©2016</subfield>
            </datafield>
            <datafield tag="300" ind1=" " ind2=" ">
               <subfield code="a">x, 195 pages ;</subfield>
               <subfield code="c">24 cm</subfield>
            </datafield>
            <datafield tag="504" ind1=" " ind2=" ">
               <subfield code="a">Includes bibliographical references (pages 181-193) and index.</subfield>
            </datafield>
            <datafield tag="505" ind1="0" ind2=" ">
               <subfield code="a">Machine generated contents note: I.Gershom Scholem: Language between Lamentation and Retaliation -- 1.The Lamentation of Language Itself -- Scholem, Benjamin and Buber: Mind, Revelation and &quot;Erlebnis&quot; in Language -- Border Dialectic and Tradition -- 2.From Lamentation to Retaliation -- Germany: The Rise of Zionism and the Fall of Hebrew -- Jerusalem: Hebrew between Victory and Catastrophe -- 3.Agnon: Hebrew at the Crossroads -- 4.Conclusion -- II.Werner Kraft: &quot;Singing a Lost World&quot; -- 1.Linguistic Dystopia and Restitution in Germany -- The Odd Couple: Rudolf Borchardt and Karl Kraus and the First World War -- Kraft and the German-Jewish Predicament -- Student and Librarian between the First World War and 1933 -- 2.Exile in Jerusalem -- &quot;Writing into the Void&quot; -- &quot;Imaginary Companions&quot; and a German &quot;Ark&quot; in Exile -- 3.A German Ark in Jerusalem: Language, Criticism and Translation -- Karl Kraus: Positive Language Critique -- Rudolf Borchardt: Language, Decay and Restoration -- 4.Conclusion -- III.Ludwig Strauss: Polyglot Dialogue and Parody -- 1.Hebraism and Dialogue in Germany -- Political Writings: Language and Mediation -- The Mediator. Identity, Literature and Language -- Poetological Treatises: Poetry as Dialogue -- 2.Polyglossia and Parody in Palestine -- Mutual Echoing: Leah Goldberg, Language Renewal and Translation -- Messianic Reverberation: Linguistic Passage and Homecoming -- 3.Conclusion -- Conclusion: The Eyes and Ears of Language -- Appendices -- Appendix A -- Appendix B -- Bibliography -- 1.Archival Sources -- 2.Published Sources.</subfield>
            </datafield>
            <datafield tag="600" ind1="1" ind2="0">
               <subfield code="a">Scholem, Gershom,</subfield>
               <subfield code="d">1897-1982.</subfield>
            </datafield>
            <datafield tag="600" ind1="1" ind2="0">
               <subfield code="a">Kraft, Werner.</subfield>
            </datafield>
            <datafield tag="600" ind1="1" ind2="0">
               <subfield code="a">Strauss, Ludwig,</subfield>
               <subfield code="d">1892-1953.</subfield>
            </datafield>
            <datafield tag="600" ind1="1" ind2="7">
               <subfield code="a">Kraft, Werner</subfield>
               <subfield code="2">fast</subfield>
               <subfield code="0">(OCoLC)fst00069198</subfield>
            </datafield>
            <datafield tag="600" ind1="1" ind2="7">
               <subfield code="a">Scholem, Gershom,</subfield>
               <subfield code="d">1897-1982</subfield>
               <subfield code="2">fast</subfield>
               <subfield code="0">(OCoLC)fst01801519</subfield>
            </datafield>
            <datafield tag="600" ind1="1" ind2="7">
               <subfield code="a">Strauss, Ludwig,</subfield>
               <subfield code="d">1892-1953.</subfield>
               <subfield code="2">fast</subfield>
               <subfield code="0">(OCoLC)fst00165642</subfield>
            </datafield>
            <datafield tag="650" ind1=" " ind2="0">
               <subfield code="a">German literature</subfield>
               <subfield code="x">Jewish authors.</subfield>
            </datafield>
            <datafield tag="650" ind1=" " ind2="0">
               <subfield code="a">Linguistic analysis (Linguistics)</subfield>
            </datafield>
            <datafield tag="650" ind1=" " ind2="7">
               <subfield code="a">German literature</subfield>
               <subfield code="x">Jewish authors.</subfield>
               <subfield code="2">fast</subfield>
               <subfield code="0">(OCoLC)fst00941834</subfield>
            </datafield>
            <datafield tag="650" ind1=" " ind2="7">
               <subfield code="a">Linguistic analysis (Linguistics)</subfield>
               <subfield code="2">fast</subfield>
               <subfield code="0">(OCoLC)fst00999166</subfield>
            </datafield>
            <datafield tag="999" ind1=" " ind2=" ">
               <subfield code="a">PT1109.J4B37 2016</subfield>
               <subfield code="w">LC</subfield>
               <subfield code="c">1</subfield>
               <subfield code="i">000078510173</subfield>
               <subfield code="d">11/9/2016</subfield>
               <subfield code="e">8/23/2016</subfield>
               <subfield code="l">PATTEE-3</subfield>
               <subfield code="m">UP-PAT</subfield>
               <subfield code="r">Y</subfield>
               <subfield code="s">Y</subfield>
               <subfield code="t">BOOK</subfield>
               <subfield code="u">8/9/2016</subfield>
            </datafield>
      </record>
    </metadata>
  </record>