
   <record> 
    <header>
      <identifier>oai:cat.libraries.psu.edu:18158507</identifier> 
      <datestamp>2022-12-16</datestamp>
      <setSpec>BOOK</setSpec> 
    </header>
    <metadata>
      <record xmlns="http://www.loc.gov/MARC21/slim" xsi:schemaLocation="http://www.loc.gov/MARC21/slim http://www.loc.gov/standards/marcxml/schema/MARC21slim.xsd" type="Bibliographic">
         <leader>     cam  22      i 4500</leader>
         <controlfield tag="008">160316t20162016quca     b    001 0 eng  </controlfield>
            <datafield tag="020" ind1=" " ind2=" ">
               <subfield code="a">9780773547339</subfield>
               <subfield code="q">(cloth)</subfield>
            </datafield>
            <datafield tag="020" ind1=" " ind2=" ">
               <subfield code="a">0773547339</subfield>
               <subfield code="q">(cloth)</subfield>
            </datafield>
            <datafield tag="020" ind1=" " ind2=" ">
               <subfield code="a">9780773547346</subfield>
               <subfield code="q">(paper)</subfield>
            </datafield>
            <datafield tag="020" ind1=" " ind2=" ">
               <subfield code="a">0773547347</subfield>
               <subfield code="q">(paper)</subfield>
            </datafield>
            <datafield tag="035" ind1=" " ind2=" ">
               <subfield code="a">(OCoLC)932386941</subfield>
            </datafield>
            <datafield tag="050" ind1=" " ind2="4">
               <subfield code="a">PN1455</subfield>
               <subfield code="b">.H55 2016</subfield>
            </datafield>
            <datafield tag="082" ind1="0" ind2="4">
               <subfield code="a">809.1/4</subfield>
               <subfield code="2">23</subfield>
            </datafield>
            <datafield tag="100" ind1="1" ind2=" ">
               <subfield code="a">Hilder, Jamie,</subfield>
               <subfield code="d">1977-</subfield>
               <subfield code="e">author.</subfield>
            </datafield>
            <datafield tag="245" ind1="1" ind2="0">
               <subfield code="a">Designed words for a designed world :</subfield>
               <subfield code="b">the international concrete poetry movement, 1955-1971 /</subfield>
               <subfield code="c">Jamie Hilder.</subfield>
            </datafield>
            <datafield tag="264" ind1=" " ind2="1">
               <subfield code="a">Montreal ;</subfield>
               <subfield code="a">Kingston ;</subfield>
               <subfield code="a">London ;</subfield>
               <subfield code="a">Chicago :</subfield>
               <subfield code="b">McGill-Queen's University Press,</subfield>
               <subfield code="c">[2016]</subfield>
            </datafield>
            <datafield tag="264" ind1=" " ind2="4">
               <subfield code="c">©2016</subfield>
            </datafield>
            <datafield tag="300" ind1=" " ind2=" ">
               <subfield code="a">xvi, 277 pages :</subfield>
               <subfield code="b">illustrations ;</subfield>
               <subfield code="c">23 cm</subfield>
            </datafield>
            <datafield tag="504" ind1=" " ind2=" ">
               <subfield code="a">Includes bibliographical references (pages 255-269) and index.</subfield>
            </datafield>
            <datafield tag="505" ind1="0" ind2=" ">
               <subfield code="a">Machine generated contents note: 1.Introduction -- 2.A Poetics of the Global -- 3.Fifty Years' Progress in Five -- 4.Concrete Poetry and Conceptual Art: A Misunderstanding -- 5.Information in Form: &quot;The Tension of Things-Words in Space-Time&quot;.</subfield>
            </datafield>
            <datafield tag="520" ind1=" " ind2=" ">
               <subfield code="a">&quot;Sometimes image, sometimes word, and often both or neither, concrete poetry emerged out of an era of ground-breaking social and technological developments. Television, nuclear weapons, radio transistors, space travel, and colour photography all combined to drastically alter the representation of the world in the period following the Second World War. While never fully embraced as poetry or as visual art, and often criticized for an aesthetic that veers too closely to commercial design, concrete poetry is an ambitious critical project that strives to break free of national languages and narrow literary traditions. Crossing national and disciplinary borders to highlight connections between poems and a variety of other cultural material, in this book--the first major study of concrete poetry's international character--Jamie Hilder asks fundamental questions about the ways in which the work has been critically received over the past fifty years. Designed Words for a Designed World positions the work of the movement within a new global context, pointing out how its international character predates and initiates some trends now associated with globalization. Hilder places concrete poetry alongside such transformative projects as the modernist city of Brasília, the development of computers, and the rise of conceptual art in order to accentuate its significance as one of the major poetic movements of the twentieth century.&quot;--</subfield>
               <subfield code="c">Provided by publisher.</subfield>
            </datafield>
            <datafield tag="520" ind1=" " ind2=" ">
               <subfield code="a">&quot;Heavily illustrated with examples of poems that exhibit the politically engaged, complex, and varied aspects of the movement, Designed Words for a Designed World illuminates how a group of poets fascinated by the possibilities of a rapidly transforming cultural geography operated within an emerging global imaginary.&quot;--</subfield>
               <subfield code="c">Provided by publisher.</subfield>
            </datafield>
            <datafield tag="530" ind1=" " ind2=" ">
               <subfield code="a">Issued also in electronic format.</subfield>
            </datafield>
            <datafield tag="650" ind1=" " ind2="0">
               <subfield code="a">Concrete poetry</subfield>
               <subfield code="x">History and criticism.</subfield>
            </datafield>
            <datafield tag="650" ind1=" " ind2="7">
               <subfield code="a">Concrete poetry.</subfield>
               <subfield code="2">fast</subfield>
               <subfield code="0">(OCoLC)fst00874354</subfield>
            </datafield>
            <datafield tag="655" ind1=" " ind2="7">
               <subfield code="a">Criticism, interpretation, etc.</subfield>
               <subfield code="2">fast</subfield>
               <subfield code="0">(OCoLC)fst01411635</subfield>
            </datafield>
            <datafield tag="999" ind1=" " ind2=" ">
               <subfield code="a">PN1455.H55 2016</subfield>
               <subfield code="w">LC</subfield>
               <subfield code="c">1</subfield>
               <subfield code="i">000079030410</subfield>
               <subfield code="d">7/21/2017</subfield>
               <subfield code="e">8/30/2016</subfield>
               <subfield code="l">PATTEE-2A</subfield>
               <subfield code="m">UP-PAT</subfield>
               <subfield code="q">1</subfield>
               <subfield code="r">Y</subfield>
               <subfield code="s">Y</subfield>
               <subfield code="t">BOOK</subfield>
               <subfield code="u">8/9/2016</subfield>
            </datafield>
      </record>
    </metadata>
  </record>