
   <record> 
    <header>
      <identifier>oai:cat.libraries.psu.edu:18158508</identifier> 
      <datestamp>2022-12-16</datestamp>
      <setSpec>BOOK</setSpec> 
    </header>
    <metadata>
      <record xmlns="http://www.loc.gov/MARC21/slim" xsi:schemaLocation="http://www.loc.gov/MARC21/slim http://www.loc.gov/standards/marcxml/schema/MARC21slim.xsd" type="Bibliographic">
         <leader>     cam  22      i 4500</leader>
         <controlfield tag="008">151120s2016    hiuab    b    001 0 eng c</controlfield>
            <datafield tag="010" ind1=" " ind2=" ">
               <subfield code="a">  2015046032</subfield>
            </datafield>
            <datafield tag="020" ind1=" " ind2=" ">
               <subfield code="a">9780824856786 (cloth : alk. paper)</subfield>
            </datafield>
            <datafield tag="020" ind1=" " ind2=" ">
               <subfield code="a">0824856783 (cloth : alk. paper)</subfield>
            </datafield>
            <datafield tag="050" ind1="0" ind2="0">
               <subfield code="a">DK34.K67</subfield>
               <subfield code="b">C45 2016</subfield>
            </datafield>
            <datafield tag="082" ind1="0" ind2="0">
               <subfield code="a">305.8957/0577</subfield>
               <subfield code="2">23</subfield>
            </datafield>
            <datafield tag="100" ind1="1" ind2=" ">
               <subfield code="a">Chang, Jon K.,</subfield>
               <subfield code="e">author.</subfield>
            </datafield>
            <datafield tag="245" ind1="1" ind2="0">
               <subfield code="a">Burnt by the sun :</subfield>
               <subfield code="b">the Koreans of the Russian Far East /</subfield>
               <subfield code="c">Jon K. Chang.</subfield>
            </datafield>
            <datafield tag="264" ind1=" " ind2="1">
               <subfield code="a">Honolulu :</subfield>
               <subfield code="b">University of Hawaiʻi Press,</subfield>
               <subfield code="c">[2016]</subfield>
            </datafield>
            <datafield tag="300" ind1=" " ind2=" ">
               <subfield code="a">x, 273 pages :</subfield>
               <subfield code="b">illustrations, maps ;</subfield>
               <subfield code="c">24 cm.</subfield>
            </datafield>
            <datafield tag="490" ind1="1" ind2=" ">
               <subfield code="a">Perspectives on the global past</subfield>
            </datafield>
            <datafield tag="504" ind1=" " ind2=" ">
               <subfield code="a">Includes bibliographical references (pages 201-266) and index.</subfield>
            </datafield>
            <datafield tag="505" ind1="0" ind2=" ">
               <subfield code="a">The RFE as a frontier melting pot, 1863-1917 -- Intervention, 1918-1922 -- Korean korenizatsiia and its socialist construction -- Koreans becoming a Soviet people, 1923-1930 -- Security concerns trumping korenizatsiia, 1931-1937 -- The Korean deportation and life in Central Asia, 1937-early 1940s -- Voices in the field.</subfield>
            </datafield>
            <datafield tag="650" ind1=" " ind2="0">
               <subfield code="a">Koreans</subfield>
               <subfield code="z">Russia (Federation)</subfield>
               <subfield code="z">Russian Far East</subfield>
               <subfield code="x">History.</subfield>
            </datafield>
            <datafield tag="650" ind1=" " ind2="0">
               <subfield code="a">Political persecution</subfield>
               <subfield code="z">Russia (Federation)</subfield>
               <subfield code="z">Russian Far East</subfield>
               <subfield code="x">History</subfield>
               <subfield code="y">20th century.</subfield>
            </datafield>
            <datafield tag="650" ind1=" " ind2="0">
               <subfield code="a">Forced migration</subfield>
               <subfield code="z">Russia (Federation)</subfield>
               <subfield code="z">Russian Far East</subfield>
               <subfield code="x">History</subfield>
               <subfield code="y">20th century.</subfield>
            </datafield>
            <datafield tag="650" ind1=" " ind2="7">
               <subfield code="a">Ethnic relations.</subfield>
               <subfield code="2">fast</subfield>
               <subfield code="0">(OCoLC)fst00916005</subfield>
            </datafield>
            <datafield tag="650" ind1=" " ind2="7">
               <subfield code="a">Forced migration.</subfield>
               <subfield code="2">fast</subfield>
               <subfield code="0">(OCoLC)fst00931606</subfield>
            </datafield>
            <datafield tag="650" ind1=" " ind2="7">
               <subfield code="a">Koreans.</subfield>
               <subfield code="2">fast</subfield>
               <subfield code="0">(OCoLC)fst00988927</subfield>
            </datafield>
            <datafield tag="650" ind1=" " ind2="7">
               <subfield code="a">Political persecution.</subfield>
               <subfield code="2">fast</subfield>
               <subfield code="0">(OCoLC)fst01069448</subfield>
            </datafield>
            <datafield tag="650" ind1=" " ind2="7">
               <subfield code="a">Politics and government.</subfield>
               <subfield code="2">fast</subfield>
               <subfield code="0">(OCoLC)fst01919741</subfield>
            </datafield>
            <datafield tag="651" ind1=" " ind2="0">
               <subfield code="a">Russian Far East (Russia)</subfield>
               <subfield code="x">Politics and government.</subfield>
            </datafield>
            <datafield tag="651" ind1=" " ind2="0">
               <subfield code="a">Russian Far East (Russia)</subfield>
               <subfield code="x">Ethnic relations.</subfield>
            </datafield>
            <datafield tag="651" ind1=" " ind2="0">
               <subfield code="a">Soviet Union</subfield>
               <subfield code="x">Politics and government</subfield>
               <subfield code="y">1917-1936.</subfield>
            </datafield>
            <datafield tag="651" ind1=" " ind2="0">
               <subfield code="a">Soviet Union</subfield>
               <subfield code="x">Politics and government</subfield>
               <subfield code="y">1936-1953.</subfield>
            </datafield>
            <datafield tag="651" ind1=" " ind2="0">
               <subfield code="a">Soviet Union</subfield>
               <subfield code="x">Ethnic relations.</subfield>
            </datafield>
            <datafield tag="651" ind1=" " ind2="7">
               <subfield code="a">Soviet Union.</subfield>
               <subfield code="2">fast</subfield>
               <subfield code="0">(OCoLC)fst01210281</subfield>
            </datafield>
            <datafield tag="651" ind1=" " ind2="7">
               <subfield code="a">Russia (Federation)</subfield>
               <subfield code="z">Russian Far East.</subfield>
               <subfield code="2">fast</subfield>
               <subfield code="0">(OCoLC)fst01244563</subfield>
            </datafield>
            <datafield tag="655" ind1=" " ind2="7">
               <subfield code="a">History.</subfield>
               <subfield code="2">fast</subfield>
               <subfield code="0">(OCoLC)fst01411628</subfield>
            </datafield>
            <datafield tag="830" ind1=" " ind2="0">
               <subfield code="a">Perspectives on the global past.</subfield>
            </datafield>
            <datafield tag="999" ind1=" " ind2=" ">
               <subfield code="a">DK34.K67C45 2016</subfield>
               <subfield code="w">LC</subfield>
               <subfield code="c">1</subfield>
               <subfield code="i">000078510142</subfield>
               <subfield code="d">11/8/2016</subfield>
               <subfield code="e">8/24/2016</subfield>
               <subfield code="l">PATTEE-1</subfield>
               <subfield code="m">UP-PAT</subfield>
               <subfield code="r">Y</subfield>
               <subfield code="s">Y</subfield>
               <subfield code="t">BOOK</subfield>
               <subfield code="u">8/9/2016</subfield>
            </datafield>
      </record>
    </metadata>
  </record>