
   <record> 
    <header>
      <identifier>oai:cat.libraries.psu.edu:18158509</identifier> 
      <datestamp>2022-12-16</datestamp>
      <setSpec>BOOK</setSpec> 
    </header>
    <metadata>
      <record xmlns="http://www.loc.gov/MARC21/slim" xsi:schemaLocation="http://www.loc.gov/MARC21/slim http://www.loc.gov/standards/marcxml/schema/MARC21slim.xsd" type="Bibliographic">
         <leader>     nam  22      a 4500</leader>
         <controlfield tag="008">151215s2016    nyu      b    001 0 eng  </controlfield>
            <datafield tag="010" ind1=" " ind2=" ">
               <subfield code="a">  2015045242</subfield>
            </datafield>
            <datafield tag="020" ind1=" " ind2=" ">
               <subfield code="a">9780823270798 (cloth : alk. paper)</subfield>
            </datafield>
            <datafield tag="020" ind1=" " ind2=" ">
               <subfield code="a">0823270793 (cloth : alk. paper)</subfield>
            </datafield>
            <datafield tag="020" ind1=" " ind2=" ">
               <subfield code="a">9780823270804 (pbk. : alk. paper)</subfield>
            </datafield>
            <datafield tag="020" ind1=" " ind2=" ">
               <subfield code="a">0823270807 (pbk. : alk. paper)</subfield>
            </datafield>
            <datafield tag="050" ind1="0" ind2="0">
               <subfield code="a">B825</subfield>
               <subfield code="b">.A3155 2016</subfield>
            </datafield>
            <datafield tag="082" ind1="0" ind2="0">
               <subfield code="a">306.01</subfield>
               <subfield code="2">23</subfield>
            </datafield>
            <datafield tag="100" ind1="1" ind2=" ">
               <subfield code="a">Adler, Anthony Curtis</subfield>
               <subfield code="e">author.</subfield>
            </datafield>
            <datafield tag="245" ind1="1" ind2="0">
               <subfield code="a">Celebricities :</subfield>
               <subfield code="b">media culture and the phenomenology of gadget commodity life /</subfield>
               <subfield code="c">Anthony Curtis Adler.</subfield>
            </datafield>
            <datafield tag="250" ind1=" " ind2=" ">
               <subfield code="a">First edition.</subfield>
            </datafield>
            <datafield tag="264" ind1=" " ind2="1">
               <subfield code="a">New York :</subfield>
               <subfield code="b">Fordham University Press,</subfield>
               <subfield code="c">[2016]</subfield>
            </datafield>
            <datafield tag="300" ind1=" " ind2=" ">
               <subfield code="a">ix, 250 pages ;</subfield>
               <subfield code="c">24 cm.</subfield>
            </datafield>
            <datafield tag="490" ind1="1" ind2=" ">
               <subfield code="a">Idiom, inventing writing theory</subfield>
            </datafield>
            <datafield tag="504" ind1=" " ind2=" ">
               <subfield code="a">Includes bibliographical references (pages 233-239) and index.</subfield>
            </datafield>
            <datafield tag="505" ind1="0" ind2=" ">
               <subfield code="a">Machine generated contents note: PART I -- 1.The phenomenology of television -- 2.The life not ours to live -- 3.The celebrity and the nobody -- 4.Being(s) -- 5.The life of things -- 6.Ideology and truth -- 7.The truth of the commodity -- 8.Value, publicity, politics -- 9.Reproduction -- 10.The gadget -- 11.To the things themselves -- PART II -- 12.Methods -- Concepts of criticism -- Language is the ... of being -- Satanic laughter -- Techniques of writing -- Vita contemplativa -- The raccoon trap -- 13.Celebrity -- Epic form -- Celebrity and singularity -- Innocence -- Of celebricity, or: toward a phenomenology of Madonna -- The strange celebrity -- The Uncandy -- Candy Candy -- What percentage of the American population are celebrities? -- Specters of Spector -- Excrement and enterprise -- The dissociating pleasure of things -- Abstract pleasures -- Experiences -- The theory of suffering -- Advertising -- The next top model -- Television and celebrity -- Politics and humor, The visionary -- Things -- Listening to Radiohead for the first time. 17 years too late -- 14.Television/Gadget -- It's bicycle repairman... -- Dialectica gizmotica -- The Trojan horse -- The personal computer -- Terror-vision -- The Joker -- Gigi -- Nip/Tuck -- The Following -- The Ring -- House -- Disjecta membra Dexteri -- Boogie Nights -- Man or Muppet -- The sweatshops of Hollywood -- Muppetation and mediation -- Demectomy -- Action figures -- Liberal Arts -- Glee -- Bunheads -- Breaking Bad/Elective Affinities -- Epilogue -- How I met my mother / Francois Cusset.</subfield>
            </datafield>
            <datafield tag="600" ind1="1" ind2="0">
               <subfield code="a">Heidegger, Martin,</subfield>
               <subfield code="d">1889-1976.</subfield>
            </datafield>
            <datafield tag="600" ind1="1" ind2="0">
               <subfield code="a">Marx, Karl,</subfield>
               <subfield code="d">1818-1883.</subfield>
            </datafield>
            <datafield tag="600" ind1="1" ind2="7">
               <subfield code="a">Heidegger, Martin,</subfield>
               <subfield code="d">1889-1976</subfield>
               <subfield code="2">fast</subfield>
               <subfield code="0">(OCoLC)fst00032385</subfield>
            </datafield>
            <datafield tag="600" ind1="1" ind2="7">
               <subfield code="a">Marx, Karl,</subfield>
               <subfield code="d">1818-1883</subfield>
               <subfield code="2">fast</subfield>
               <subfield code="0">(OCoLC)fst00030215</subfield>
            </datafield>
            <datafield tag="650" ind1=" " ind2="0">
               <subfield code="a">Materialism</subfield>
               <subfield code="z">United States.</subfield>
            </datafield>
            <datafield tag="650" ind1=" " ind2="0">
               <subfield code="a">Mass media and culture</subfield>
               <subfield code="z">United States.</subfield>
            </datafield>
            <datafield tag="650" ind1=" " ind2="0">
               <subfield code="a">Popular culture</subfield>
               <subfield code="z">United States.</subfield>
            </datafield>
            <datafield tag="650" ind1=" " ind2="7">
               <subfield code="a">Mass media and culture.</subfield>
               <subfield code="2">fast</subfield>
               <subfield code="0">(OCoLC)fst01011339</subfield>
            </datafield>
            <datafield tag="650" ind1=" " ind2="7">
               <subfield code="a">Materialism.</subfield>
               <subfield code="2">fast</subfield>
               <subfield code="0">(OCoLC)fst01011758</subfield>
            </datafield>
            <datafield tag="650" ind1=" " ind2="7">
               <subfield code="a">Popular culture.</subfield>
               <subfield code="2">fast</subfield>
               <subfield code="0">(OCoLC)fst01071344</subfield>
            </datafield>
            <datafield tag="651" ind1=" " ind2="7">
               <subfield code="a">United States.</subfield>
               <subfield code="2">fast</subfield>
               <subfield code="0">(OCoLC)fst01204155</subfield>
            </datafield>
            <datafield tag="776" ind1="0" ind2="8">
               <subfield code="i">Online version:</subfield>
               <subfield code="a">Adler, Anthony Curtis, author.</subfield>
               <subfield code="t">Celebricities</subfield>
               <subfield code="b">First edition.</subfield>
               <subfield code="d">New York, NY : Fordham University Press, 2016</subfield>
               <subfield code="z">9780823270811</subfield>
               <subfield code="w">(DLC) 2016013044</subfield>
            </datafield>
            <datafield tag="830" ind1=" " ind2="0">
               <subfield code="a">Idiom (Fordham University Press)</subfield>
            </datafield>
            <datafield tag="999" ind1=" " ind2=" ">
               <subfield code="a">B825.A3155 2016</subfield>
               <subfield code="w">LC</subfield>
               <subfield code="c">1</subfield>
               <subfield code="i">000079030908</subfield>
               <subfield code="d">10/10/2016</subfield>
               <subfield code="e">8/23/2016</subfield>
               <subfield code="l">PATTEE-BA</subfield>
               <subfield code="m">UP-PAT</subfield>
               <subfield code="r">Y</subfield>
               <subfield code="s">Y</subfield>
               <subfield code="t">BOOK</subfield>
               <subfield code="u">8/9/2016</subfield>
            </datafield>
      </record>
    </metadata>
  </record>