
   <record> 
    <header>
      <identifier>oai:cat.libraries.psu.edu:18158511</identifier> 
      <datestamp>2022-12-16</datestamp>
      <setSpec>BOOK</setSpec> 
    </header>
    <metadata>
      <record xmlns="http://www.loc.gov/MARC21/slim" xsi:schemaLocation="http://www.loc.gov/MARC21/slim http://www.loc.gov/standards/marcxml/schema/MARC21slim.xsd" type="Bibliographic">
         <leader>     cam  22     Ii 4500</leader>
         <controlfield tag="008">151224t20162016mnu      b    001 0 eng d</controlfield>
            <datafield tag="020" ind1=" " ind2=" ">
               <subfield code="a">1451482086 (pbk. : alk. paper)</subfield>
            </datafield>
            <datafield tag="020" ind1=" " ind2=" ">
               <subfield code="a">9781451482089 (pbk. : alk. paper)</subfield>
            </datafield>
            <datafield tag="050" ind1="1" ind2="4">
               <subfield code="a">BS2651</subfield>
               <subfield code="b">.P3 2016</subfield>
            </datafield>
            <datafield tag="245" ind1="0" ind2="0">
               <subfield code="a">Paul and the apocalyptic imagination /</subfield>
               <subfield code="c">Ben C. Blackwell, John K. Goodrich, and Jason Maston, editors.</subfield>
            </datafield>
            <datafield tag="264" ind1=" " ind2="1">
               <subfield code="a">Minneapolis, MN :</subfield>
               <subfield code="b">Fortress Press,</subfield>
               <subfield code="c">[2016]</subfield>
            </datafield>
            <datafield tag="264" ind1=" " ind2="4">
               <subfield code="c">©2016</subfield>
            </datafield>
            <datafield tag="300" ind1=" " ind2=" ">
               <subfield code="a">xii, 391 pages ;</subfield>
               <subfield code="c">23 cm</subfield>
            </datafield>
            <datafield tag="504" ind1=" " ind2=" ">
               <subfield code="a">Includes bibliographical references and indexes.</subfield>
            </datafield>
            <datafield tag="505" ind1="0" ind2=" ">
               <subfield code="a">Paul and the Apocalyptic Imagination: An Introduction / Ben C. Blackwell, John K. Goodrich, and Jason  Maston  -- &quot;Then I Proceeded to Where Things Were Chaotic&quot; (1 Enoch 21:1): Mapping the Apocalyptic Landscape / David A. Shaw  -- Apocalyptic as God's Eschatological Activity in  Paul's Theology / Martinus C. de Boer  -- Apocalyptic Epistemology: The Sine Qua Non of Valid Pauline Interpretation / Douglas A. Campbell  -- Apocalyptic as Theoria in the Letters of St. Paul: A New Perspective on Apocalyptic as Mother of Theology / Edith M. Humphrey  -- Apocalyptic and the Sudden Fulfillment of Divine  Promise / N. T. Wright  --  Some Reflections on Apocalyptic Thought and Time in Literature from the Second Temple Period / Loren T. Stuckenbruck  -- The Transcendence of Death and Heavenly Ascent in the Apocalyptic Paul and the Stoics / Joseph R. Dodson  -- Second-Century Perspectives on the Apocalyptic Paul:  Reading the Apocalypse of Paul and the Acts of Paul / Ben C. Blackwell  -- Some Remarks on Apocalyptic in Modern Christian Theology / Philip G. Ziegler  -- Righteousness Revealed: The Death of Christ as the Definition of the Righteousness of God in Romans 3:21-26 / Jonathan A. Linebaugh  -- Thinking from Christ to Israel:  Romans 9-11 in Apocalyptic Context / Beverly Roberts Gaventa  -- Apocalyptic Allegiance and Disinvestment in the  World: A Reading of 1 Corinthians 7:25-35 / John M. G. Barclay  -- After Destroying Every Rule, Authority, and Power:  Paul, Apocalyptic, and Politics in 1 Corinthians / John K. Goodrich  -- Plight and Solution in Paul's Apocalyptic  Perspective: A Study of 2 Corinthians 5:18-21 / Jason Maston  -- The Apocalyptic New Covenant and the Shape of  Life in the Spirit according to Galatians / Michael J. Gorman -- The Two Ages and Salvation History in Paul's  Apocalyptic Imagination:  A Comparison of 4 Ezra and Galatians / J. P. Davies.</subfield>
            </datafield>
            <datafield tag="520" ind1=" " ind2=" ">
               <subfield code="a">Since the mid-twentieth century, apocalyptic thought has been championed as a central category for understanding the New Testament writings and the letters of Paul above all. But &quot;apocalyptic&quot; has meant different things to different scholars. Even the assertion of an &quot;apocalyptic Paul&quot; has been contested: does it mean the invasive power of God that breaks with the present age (Ernst Käsemann), or the broader scope of revealed heavenly mysteries, including the working out of a &quot;many-staged plan of salvation&quot; (N. T. Wright), or something else altogether? Paul and the Apocalyptic Imagination brings together eminent Pauline scholars from diverse perspectives, along with experts of Second Temple Judaism, Hellenistic philosophy, patristics, and modern theology, to explore the contours of the current debate. Contributors discuss the history of what apocalypticism, and an &quot;apocalyptic Paul,&quot; have meant at different times and for different interpreters; examine different aspects of Paul's thought and practice to test the usefulness of the category; and show how different implicit understandings of apocalypticism shape different contemporary presentations of Paul's significance.</subfield>
            </datafield>
            <datafield tag="600" ind1="0" ind2="0">
               <subfield code="a">Paul,</subfield>
               <subfield code="c">the Apostle, Saint</subfield>
               <subfield code="x">Criticism and interpretation.</subfield>
            </datafield>
            <datafield tag="600" ind1="0" ind2="7">
               <subfield code="a">Paul,</subfield>
               <subfield code="c">the Apostle, Saint</subfield>
               <subfield code="2">fast</subfield>
               <subfield code="0">(OCoLC)fst00037330</subfield>
            </datafield>
            <datafield tag="655" ind1=" " ind2="7">
               <subfield code="a">Criticism, interpretation, etc.</subfield>
               <subfield code="2">fast</subfield>
               <subfield code="0">(OCoLC)fst01411635</subfield>
            </datafield>
            <datafield tag="700" ind1="1" ind2=" ">
               <subfield code="a">Blackwell, Ben C.,</subfield>
               <subfield code="d">1974-</subfield>
               <subfield code="e">editor.</subfield>
            </datafield>
            <datafield tag="700" ind1="1" ind2=" ">
               <subfield code="a">Goodrich, John,</subfield>
               <subfield code="d">1981-</subfield>
               <subfield code="e">editor.</subfield>
            </datafield>
            <datafield tag="700" ind1="1" ind2=" ">
               <subfield code="a">Maston, Jason,</subfield>
               <subfield code="d">1978-</subfield>
               <subfield code="e">editor.</subfield>
            </datafield>
            <datafield tag="999" ind1=" " ind2=" ">
               <subfield code="a">BS2651.P3 2016</subfield>
               <subfield code="w">LC</subfield>
               <subfield code="c">1</subfield>
               <subfield code="i">000079030298</subfield>
               <subfield code="d">10/16/2022</subfield>
               <subfield code="e">10/16/2022</subfield>
               <subfield code="k">CHECKEDOUT</subfield>
               <subfield code="l">PATTEE-BA</subfield>
               <subfield code="m">UP-PAT</subfield>
               <subfield code="n">2</subfield>
               <subfield code="r">M</subfield>
               <subfield code="s">Y</subfield>
               <subfield code="t">BOOK</subfield>
               <subfield code="u">8/9/2016</subfield>
            </datafield>
      </record>
    </metadata>
  </record>