
   <record> 
    <header>
      <identifier>oai:cat.libraries.psu.edu:18158512</identifier> 
      <datestamp>2022-12-16</datestamp>
      <setSpec>BOOK</setSpec> 
    </header>
    <metadata>
      <record xmlns="http://www.loc.gov/MARC21/slim" xsi:schemaLocation="http://www.loc.gov/MARC21/slim http://www.loc.gov/standards/marcxml/schema/MARC21slim.xsd" type="Bibliographic">
         <leader>     cam  22      i 4500</leader>
         <controlfield tag="008">151224s2016    mnu      b    001 0 eng d</controlfield>
            <datafield tag="020" ind1=" " ind2=" ">
               <subfield code="a">1506402003 (alk. paper)</subfield>
            </datafield>
            <datafield tag="020" ind1=" " ind2=" ">
               <subfield code="a">9781506402000 (alk. paper)</subfield>
            </datafield>
            <datafield tag="100" ind1="1" ind2=" ">
               <subfield code="a">Noble, John T.</subfield>
               <subfield code="q">(John Travis)</subfield>
            </datafield>
            <datafield tag="245" ind1="1" ind2="2">
               <subfield code="a">A place for Hagar's son :</subfield>
               <subfield code="b">Ishmael as a case study in the priestly tradition /</subfield>
               <subfield code="c">John T. Noble.</subfield>
            </datafield>
            <datafield tag="264" ind1=" " ind2="1">
               <subfield code="a">Minneapolis :</subfield>
               <subfield code="b">Fortress Press,</subfield>
               <subfield code="c">[2016]</subfield>
            </datafield>
            <datafield tag="264" ind1=" " ind2="4">
               <subfield code="c">©2016</subfield>
            </datafield>
            <datafield tag="300" ind1=" " ind2=" ">
               <subfield code="a">x, 179 pages ;</subfield>
               <subfield code="c">24 cm</subfield>
            </datafield>
            <datafield tag="504" ind1=" " ind2=" ">
               <subfield code="a">Include bibliographical references (pages 155-166) and indexes.</subfield>
            </datafield>
            <datafield tag="505" ind1="0" ind2=" ">
               <subfield code="a">Introduction -- Patterns of exodus in the Hagar and Ishmael traditions of J and E -- Particularity and ambiguity in the priestly Abrahamic covenant -- Covenant and context in P -- Ishmael, Ishmaelites, and biblical narrative -- Conclusion.</subfield>
            </datafield>
            <datafield tag="600" ind1="0" ind2="0">
               <subfield code="a">Ishmael</subfield>
               <subfield code="c">(Biblical figure)</subfield>
            </datafield>
            <datafield tag="600" ind1="0" ind2="7">
               <subfield code="a">Ishmael</subfield>
               <subfield code="c">(Biblical figure)</subfield>
               <subfield code="2">fast</subfield>
               <subfield code="0">(OCoLC)fst00265222</subfield>
            </datafield>
            <datafield tag="630" ind1="0" ind2="0">
               <subfield code="a">Bible.</subfield>
               <subfield code="p">Genesis</subfield>
               <subfield code="x">Criticism and interpretation.</subfield>
            </datafield>
            <datafield tag="630" ind1="0" ind2="7">
               <subfield code="a">Bible.</subfield>
               <subfield code="p">Genesis</subfield>
               <subfield code="2">fast</subfield>
               <subfield code="0">(OCoLC)fst01808046</subfield>
            </datafield>
            <datafield tag="650" ind1=" " ind2="0">
               <subfield code="a">P document (Biblical criticism)</subfield>
            </datafield>
            <datafield tag="650" ind1=" " ind2="0">
               <subfield code="a">J document (Biblical criticism)</subfield>
            </datafield>
            <datafield tag="650" ind1=" " ind2="0">
               <subfield code="a">E document (Biblical criticism)</subfield>
            </datafield>
            <datafield tag="650" ind1=" " ind2="0">
               <subfield code="a">Election (Theology)</subfield>
            </datafield>
            <datafield tag="650" ind1=" " ind2="7">
               <subfield code="a">E document (Biblical criticism)</subfield>
               <subfield code="2">fast</subfield>
               <subfield code="0">(OCoLC)fst00900427</subfield>
            </datafield>
            <datafield tag="650" ind1=" " ind2="7">
               <subfield code="a">Election (Theology)</subfield>
               <subfield code="2">fast</subfield>
               <subfield code="0">(OCoLC)fst00904285</subfield>
            </datafield>
            <datafield tag="650" ind1=" " ind2="7">
               <subfield code="a">J document (Biblical criticism)</subfield>
               <subfield code="2">fast</subfield>
               <subfield code="0">(OCoLC)fst00980942</subfield>
            </datafield>
            <datafield tag="650" ind1=" " ind2="7">
               <subfield code="a">P document (Biblical criticism)</subfield>
               <subfield code="2">fast</subfield>
               <subfield code="0">(OCoLC)fst01049798</subfield>
            </datafield>
            <datafield tag="655" ind1=" " ind2="7">
               <subfield code="a">Criticism, interpretation, etc.</subfield>
               <subfield code="2">fast</subfield>
               <subfield code="0">(OCoLC)fst01411635</subfield>
            </datafield>
            <datafield tag="999" ind1=" " ind2=" ">
               <subfield code="a">BS1235.52.N63 2016</subfield>
               <subfield code="w">LC</subfield>
               <subfield code="c">1</subfield>
               <subfield code="i">000079030311</subfield>
               <subfield code="d">12/1/2016</subfield>
               <subfield code="e">9/28/2016</subfield>
               <subfield code="l">PATTEE-BA</subfield>
               <subfield code="m">UP-PAT</subfield>
               <subfield code="r">Y</subfield>
               <subfield code="s">Y</subfield>
               <subfield code="t">BOOK</subfield>
               <subfield code="u">8/9/2016</subfield>
            </datafield>
      </record>
    </metadata>
  </record>