
   <record> 
    <header>
      <identifier>oai:cat.libraries.psu.edu:18158513</identifier> 
      <datestamp>2022-12-16</datestamp>
      <setSpec>BOOK</setSpec> 
    </header>
    <metadata>
      <record xmlns="http://www.loc.gov/MARC21/slim" xsi:schemaLocation="http://www.loc.gov/MARC21/slim http://www.loc.gov/standards/marcxml/schema/MARC21slim.xsd" type="Bibliographic">
         <leader>     cam  22     Ii 4500</leader>
         <controlfield tag="008">160217s2016    flu      b    001 0 eng  </controlfield>
            <datafield tag="010" ind1=" " ind2=" ">
               <subfield code="a">  2015045134</subfield>
            </datafield>
            <datafield tag="020" ind1=" " ind2=" ">
               <subfield code="a">9781498731706</subfield>
            </datafield>
            <datafield tag="020" ind1=" " ind2=" ">
               <subfield code="a">1498731708</subfield>
            </datafield>
            <datafield tag="050" ind1="0" ind2="0">
               <subfield code="a">GC1018.5</subfield>
               <subfield code="b">.S35 2016</subfield>
            </datafield>
            <datafield tag="082" ind1="0" ind2="0">
               <subfield code="a">333.91/64</subfield>
               <subfield code="2">23</subfield>
            </datafield>
            <datafield tag="245" ind1="0" ind2="0">
               <subfield code="a">Science, information, and policy interface for effective coastal and ocean management /</subfield>
               <subfield code="c">edited by Bertrum H. MacDonald, Suzuette S. Soomai, Elizabeth M. De Santo, Peter G. Wells.</subfield>
            </datafield>
            <datafield tag="264" ind1=" " ind2="1">
               <subfield code="a">Boca Raton, FL :</subfield>
               <subfield code="b">CRC Press,</subfield>
               <subfield code="c">[2016]</subfield>
            </datafield>
            <datafield tag="300" ind1=" " ind2=" ">
               <subfield code="a">xxxvii, 474 pages ;</subfield>
               <subfield code="c">24 cm</subfield>
            </datafield>
            <datafield tag="504" ind1=" " ind2=" ">
               <subfield code="a">Includes bibliographical references and index.</subfield>
            </datafield>
            <datafield tag="505" ind1="0" ind2=" ">
               <subfield code="a">Machine generated contents note: Section I Introduction -- 1.Introduction / Peter G. Wells -- 2.Understanding the Science-Policy Interface in Integrated Coastal and Ocean Management / Peter G. Wells -- Section II Fundamental Concepts and Principles -- 3.Exploring the Role of Science in Coastal and Ocean Management: A Review / Kevin O'Toole -- 4.Science Information and Global Ocean Governance / Jake Rice -- 5.Risk Refined at the Science-Policy Interface: The International Risk Governance Framework Applied to Different Classes of Coastal Zone Risks / Kate Porter -- 6.Governing the Marine Environment through Information: Fisheries, Shipping, and Tourism / Arthur P. J. Mol -- 7.Inducing Better Stakeholder Searches for Environmental Information Relevant to Coastal Conservation / William Ascher -- 8.When Scientific Uncertainty Is in the Eye of the Beholder: Using Network Analysis to Understand the Building of Trust in Science / Troy W. Hartley -- 9.Designing Usable Environmental Research / Adam Parris -- 10.The Balancing Act of Science in Public Policy / Kristiann Allen -- 11.Measuring Awareness, Use, and Influence of Information: Where Theory Meets Practice / Anatoliy Gruzd -- Section III Case Studies -- 12.What Do Users Want from a State of the Environment Report? A Case Study of Awareness and Use of Canada's State of the Scotian Shelf Report / Heather Breeze -- 13.The Environmental Effects of Ocean Shipping and the Science-Policy Interface / Elizabeth R. DeSombre -- 14.Just Evidence: Opening Health Knowledge to a Parliament of Evidence / Mavis Jones -- 15.Information Matters: The Influence of the Atlantic Coastal Zone Information Steering Committee on Integrated Coastal and Ocean Management in Atlantic Canada / Alexi Baccardax Westcott -- 16.A Career-Based Perspective of Science-Policy Linkages in Environment Canada: The Role of Information in Managing Human Activities in Our Ocean Spaces / Peter G. Wells -- 17.Bridging the Science-Policy Divide to Promote Fisheries Knowledge for All: The Case of the Food and Agriculture Organization of the United Nations / Stefania Vannuccini -- 18.Informing and Improving Fisheries Management Outcomes: An Atlantic Canadian Large Pelagics Case Study by the Ecology Action Centre / Shannon Arnold -- Section IV The Way Forward -- 19.Does Information Matter in ICOM? Critical Issues and the Path Forward / Bertrum H. MacDonald.</subfield>
            </datafield>
            <datafield tag="650" ind1=" " ind2="0">
               <subfield code="a">Marine resources</subfield>
               <subfield code="x">Management.</subfield>
            </datafield>
            <datafield tag="650" ind1=" " ind2="0">
               <subfield code="a">Marine ecosystem management.</subfield>
            </datafield>
            <datafield tag="650" ind1=" " ind2="0">
               <subfield code="a">Coastal zone management.</subfield>
            </datafield>
            <datafield tag="650" ind1=" " ind2="7">
               <subfield code="a">Coastal zone management.</subfield>
               <subfield code="2">fast</subfield>
               <subfield code="0">(OCoLC)fst00865756</subfield>
            </datafield>
            <datafield tag="650" ind1=" " ind2="7">
               <subfield code="a">Marine ecosystem management.</subfield>
               <subfield code="2">fast</subfield>
               <subfield code="0">(OCoLC)fst01740716</subfield>
            </datafield>
            <datafield tag="650" ind1=" " ind2="7">
               <subfield code="a">Marine resources</subfield>
               <subfield code="x">Management.</subfield>
               <subfield code="2">fast</subfield>
               <subfield code="0">(OCoLC)fst01009897</subfield>
            </datafield>
            <datafield tag="650" ind1=" " ind2="7">
               <subfield code="0">(DE-601)104622288</subfield>
               <subfield code="0">(DE-588)4248040-1</subfield>
               <subfield code="a">Meeresressourcen.</subfield>
               <subfield code="2">gnd</subfield>
            </datafield>
            <datafield tag="650" ind1=" " ind2="7">
               <subfield code="0">(DE-601)61027483X</subfield>
               <subfield code="0">(DE-588)7675980-5</subfield>
               <subfield code="a">Ökosystemmanagement.</subfield>
               <subfield code="2">gnd</subfield>
            </datafield>
            <datafield tag="650" ind1=" " ind2="7">
               <subfield code="0">(DE-601)104548711</subfield>
               <subfield code="0">(DE-588)4026901-2</subfield>
               <subfield code="a">Information und Dokumentation.</subfield>
               <subfield code="2">gnd</subfield>
            </datafield>
            <datafield tag="700" ind1="1" ind2=" ">
               <subfield code="a">MacDonald, Bertrum H.,</subfield>
               <subfield code="e">editor.</subfield>
            </datafield>
            <datafield tag="999" ind1=" " ind2=" ">
               <subfield code="a">GC1018.5.S35 2016</subfield>
               <subfield code="w">LC</subfield>
               <subfield code="c">1</subfield>
               <subfield code="i">000079031103</subfield>
               <subfield code="d">8/23/2016</subfield>
               <subfield code="l">STACKS-EM</subfield>
               <subfield code="m">UP-EMS</subfield>
               <subfield code="r">Y</subfield>
               <subfield code="s">Y</subfield>
               <subfield code="t">BOOK</subfield>
               <subfield code="u">8/9/2016</subfield>
            </datafield>
      </record>
    </metadata>
  </record>