
   <record> 
    <header>
      <identifier>oai:cat.libraries.psu.edu:18158514</identifier> 
      <datestamp>2022-12-16</datestamp>
      <setSpec>BOOK</setSpec> 
    </header>
    <metadata>
      <record xmlns="http://www.loc.gov/MARC21/slim" xsi:schemaLocation="http://www.loc.gov/MARC21/slim http://www.loc.gov/standards/marcxml/schema/MARC21slim.xsd" type="Bibliographic">
         <leader>     cam  22      i 4500</leader>
         <controlfield tag="008">151231s2016    gw a     bc   000 0 eng d</controlfield>
            <datafield tag="020" ind1=" " ind2=" ">
               <subfield code="a">377574102X</subfield>
            </datafield>
            <datafield tag="020" ind1=" " ind2=" ">
               <subfield code="a">9783775741026</subfield>
            </datafield>
            <datafield tag="100" ind1="1" ind2=" ">
               <subfield code="a">Hershman-Leeson, Lynn,</subfield>
               <subfield code="d">1941-</subfield>
               <subfield code="e">artist.</subfield>
            </datafield>
            <datafield tag="245" ind1="1" ind2="0">
               <subfield code="a">Lynn Hershman Leeson :</subfield>
               <subfield code="b">civic radar /</subfield>
               <subfield code="c">ed. by Peter Weibel.</subfield>
            </datafield>
            <datafield tag="246" ind1="3" ind2="0">
               <subfield code="a">Civic radar</subfield>
            </datafield>
            <datafield tag="264" ind1=" " ind2="1">
               <subfield code="a">Ostfildern :</subfield>
               <subfield code="b">Hatje Cantz,</subfield>
               <subfield code="c">[2016]</subfield>
            </datafield>
            <datafield tag="300" ind1=" " ind2=" ">
               <subfield code="a">383 pages :</subfield>
               <subfield code="b">illustrations (mostly color) ;</subfield>
               <subfield code="c">27 cm</subfield>
            </datafield>
            <datafield tag="500" ind1=" " ind2=" ">
               <subfield code="a">Exhibition held at ZKM, Museum of Contemporary Art, Karlsruhe, December 13, 2014-April 6, 2015; Deichtorhallen Hamburg/Falckenberg Collection, June 14, 2015-January 17, 2016; Lehmbruck Museum Duisburg, February 27-June 5, 2016.</subfield>
            </datafield>
            <datafield tag="504" ind1=" " ind2=" ">
               <subfield code="a">Includes bibliographical references (pages 376-382).</subfield>
            </datafield>
            <datafield tag="505" ind1="0" ind2=" ">
               <subfield code="a">1963-1972 -- The Work of Lynn Hershman Leeson: A Panoply of Identities -- Genealogy in Wax -- 1973-1975 -- The Roberta Breitmore Series: Performing Co-Identity -- 1976-1979 -- Landscape of Tremors: Lynn Hershman Leeson, Toward an Intellectual History -- 1979-1893 -- Conversation -- 1983-1984 -- Interview with Lynn Hershman Leeson -- 1985-1991 -- Face, Surface, Interface: The Motif of the Mask in the Work of Lynn Hershman Leeson -- 1992-1995 -- Global Space Invaders: The Social Interventions of The Floating Museum -- 1995-2000 -- California Dreaming: The Cinematic Fusions of Lynn Hershman Leeson -- Letter to Lynn -- 2002-2007 -- (No) Vacancy -- 2008-2011 -- Conversation -- Since 2012 -- The Infinity Engine -- Lynn Hershman Leeson Civic Radar -- Texts 1984-2014</subfield>
            </datafield>
            <datafield tag="520" ind1=" " ind2=" ">
               <subfield code="a">&quot;First comprehensive monograph, compiled in close collaboration with the artist.  Lynn Hershman Leeson is among the first and most influential of media artists. During the past five decades she has achieved pioneering work in the fields of photography, video, film, performance, installation and interactive and net-based media art. The major themes of Hershman Leeson are the construction of identity, monitoring and control, and life in the era of genetic engineering. Her most influential performance work is Roberta Breitmore (1973-78) – the fictional character that she, then three subsequent female personas, enacted in real time and space, using artifacts of the time. In her most recent works, Lynn Hershman Leeson includes web applications, mass communication media such as smart-phones, as well as the latest scientific developments in the field of genetics and regenerative medicine including 3D bioprinters that create human body parts.&quot;  from publisher's website.</subfield>
            </datafield>
            <datafield tag="600" ind1="1" ind2="0">
               <subfield code="a">Hershman-Leeson, Lynn,</subfield>
               <subfield code="d">1941-</subfield>
               <subfield code="v">Exhibitions.</subfield>
            </datafield>
            <datafield tag="650" ind1=" " ind2="0">
               <subfield code="a">Art, American</subfield>
               <subfield code="y">21st century</subfield>
               <subfield code="v">Exhibitions.</subfield>
            </datafield>
            <datafield tag="650" ind1=" " ind2="0">
               <subfield code="a">Performance art</subfield>
               <subfield code="v">Exhibitions.</subfield>
            </datafield>
            <datafield tag="650" ind1=" " ind2="0">
               <subfield code="a">Installations (Art)</subfield>
               <subfield code="v">Exhibitions.</subfield>
            </datafield>
            <datafield tag="700" ind1="1" ind2=" ">
               <subfield code="a">Weibel, Peter,</subfield>
               <subfield code="e">editor.</subfield>
            </datafield>
            <datafield tag="710" ind1="2" ind2=" ">
               <subfield code="a">Zentrum für Kunst und Medientechnologie Karlsruhe,</subfield>
               <subfield code="e">host institution.</subfield>
            </datafield>
            <datafield tag="710" ind1="2" ind2=" ">
               <subfield code="a">Museum für Neue Kunst (Karlsruhe, Germany),</subfield>
               <subfield code="e">host institution.</subfield>
            </datafield>
            <datafield tag="710" ind1="2" ind2=" ">
               <subfield code="a">Sammlung Falckenberg.</subfield>
            </datafield>
            <datafield tag="710" ind1="2" ind2=" ">
               <subfield code="a">Wilhelm Lehmbruck Museum Duisburg,</subfield>
               <subfield code="e">host institution.</subfield>
            </datafield>
            <datafield tag="999" ind1=" " ind2=" ">
               <subfield code="a">N6537.H398A4 2016</subfield>
               <subfield code="w">LC</subfield>
               <subfield code="c">1</subfield>
               <subfield code="i">000078510302</subfield>
               <subfield code="d">3/11/2020</subfield>
               <subfield code="e">2/10/2020</subfield>
               <subfield code="l">PATTEE-W3</subfield>
               <subfield code="m">UP-PAT</subfield>
               <subfield code="n">1</subfield>
               <subfield code="r">Y</subfield>
               <subfield code="s">Y</subfield>
               <subfield code="t">BOOK</subfield>
               <subfield code="u">8/9/2016</subfield>
            </datafield>
      </record>
    </metadata>
  </record>