
   <record> 
    <header>
      <identifier>oai:cat.libraries.psu.edu:18158515</identifier> 
      <datestamp>2022-12-16</datestamp>
      <setSpec>BOOK</setSpec> 
    </header>
    <metadata>
      <record xmlns="http://www.loc.gov/MARC21/slim" xsi:schemaLocation="http://www.loc.gov/MARC21/slim http://www.loc.gov/standards/marcxml/schema/MARC21slim.xsd" type="Bibliographic">
         <leader>     cam  22     Ii 4500</leader>
         <controlfield tag="008">151210s2016    enka     b    001 0 eng  </controlfield>
            <datafield tag="010" ind1=" " ind2=" ">
               <subfield code="a">  2015035550</subfield>
            </datafield>
            <datafield tag="020" ind1=" " ind2=" ">
               <subfield code="a">9781409468882</subfield>
               <subfield code="q">hardback</subfield>
               <subfield code="q">alkaline paper</subfield>
            </datafield>
            <datafield tag="020" ind1=" " ind2=" ">
               <subfield code="a">1409468887</subfield>
               <subfield code="q">hardback</subfield>
               <subfield code="q">alkaline paper</subfield>
            </datafield>
            <datafield tag="020" ind1=" " ind2=" ">
               <subfield code="z">9781409468899</subfield>
               <subfield code="q">electronic book</subfield>
            </datafield>
            <datafield tag="020" ind1=" " ind2=" ">
               <subfield code="z">9781409468905</subfield>
               <subfield code="q">electronic book</subfield>
            </datafield>
            <datafield tag="024" ind1="8" ind2=" ">
               <subfield code="a">40026257021</subfield>
            </datafield>
            <datafield tag="035" ind1=" " ind2=" ">
               <subfield code="a">(OCoLC)951504838</subfield>
            </datafield>
            <datafield tag="050" ind1="0" ind2="4">
               <subfield code="a">PN5124.P4</subfield>
               <subfield code="b">R68 2016</subfield>
            </datafield>
            <datafield tag="082" ind1="0" ind2="0">
               <subfield code="a">052.09/034</subfield>
               <subfield code="2">23</subfield>
            </datafield>
            <datafield tag="245" ind1="0" ind2="4">
               <subfield code="a">The Routledge handbook to nineteenth-century British periodicals and newspapers /</subfield>
               <subfield code="c">edited by Andrew King, Alexis Easley, and John Morton.</subfield>
            </datafield>
            <datafield tag="264" ind1=" " ind2="1">
               <subfield code="a">Abingdon, Oxon ;</subfield>
               <subfield code="a">New York, NY :</subfield>
               <subfield code="b">Routledge,</subfield>
               <subfield code="c">2016.</subfield>
            </datafield>
            <datafield tag="300" ind1=" " ind2=" ">
               <subfield code="a">xx, 476 pages :</subfield>
               <subfield code="b">illustrations ;</subfield>
               <subfield code="c">26 cm</subfield>
            </datafield>
            <datafield tag="504" ind1=" " ind2=" ">
               <subfield code="a">Includes bibliographical references and index.</subfield>
            </datafield>
            <datafield tag="505" ind1="0" ind2=" ">
               <subfield code="a">Digitization / James Mussell -- Technologies of production / Shannon Rose Smith -- Distribution / Graham Law -- Periodical economics / Andrew King -- Writing for periodicals / Linda H. Peterson -- Editors and the nineteenth-century press / Marysa Demoor -- Illustration / Brian Maidment -- Poetry / Linda K. Hughes -- Prose / Beth Palmer -- Empire and the periodical press / Michelle Tusan -- Transatlantic connections / Bob Nicholson -- Transnational connections / Jane Chapman -- Periodicals in Scotland / David Finkelstein -- Welsh periodicals and newspapers / Lisa Peters -- Periodicals in ireland / Elizabeth Tilley -- Provincial periodicals / Andrew Hobbs -- Markets, genres, iterations / Laurel Brake -- Men and the periodical press / Stephanie Olsen -- Periodicals for women / Kathryn Ledbetter -- Family magazines / Jennifer Phegley -- Children's periodicals / Kristine Moruzi -- Sporting periodicals / Yuri Cowan -- Comic/satiric periodicals / Craig Howes -- Social purpose periodicals / Deborah Mutch -- Temperance periodicals / Annemarie McAllister -- Periodicals and religion / Mark Knight -- Theater and the periodical press / Katherine Newey -- Art periodicals / Julie Codell -- Music periodicals / Laura Vorachek -- Chronology of the nineteenth-century periodical press / Gary Simons.</subfield>
            </datafield>
            <datafield tag="650" ind1=" " ind2="0">
               <subfield code="a">British periodicals</subfield>
               <subfield code="x">History</subfield>
               <subfield code="y">19th century.</subfield>
            </datafield>
            <datafield tag="650" ind1=" " ind2="0">
               <subfield code="a">British newspapers</subfield>
               <subfield code="x">History</subfield>
               <subfield code="y">19th century.</subfield>
            </datafield>
            <datafield tag="650" ind1=" " ind2="0">
               <subfield code="a">Periodicals</subfield>
               <subfield code="x">Publishing</subfield>
               <subfield code="z">Great Britain</subfield>
               <subfield code="x">History</subfield>
               <subfield code="y">19th century.</subfield>
               <subfield code="0">http://id.loc.gov/authorities/subjects/sh2010105522</subfield>
            </datafield>
            <datafield tag="650" ind1=" " ind2="0">
               <subfield code="a">Newspaper publishing</subfield>
               <subfield code="z">Great Britain</subfield>
               <subfield code="x">History</subfield>
               <subfield code="y">19th century.</subfield>
            </datafield>
            <datafield tag="650" ind1=" " ind2="7">
               <subfield code="a">British newspapers.</subfield>
               <subfield code="2">fast</subfield>
               <subfield code="0">(OCoLC)fst00839085</subfield>
            </datafield>
            <datafield tag="650" ind1=" " ind2="7">
               <subfield code="a">British periodicals.</subfield>
               <subfield code="2">fast</subfield>
               <subfield code="0">(OCoLC)fst00839094</subfield>
            </datafield>
            <datafield tag="650" ind1=" " ind2="7">
               <subfield code="a">Newspaper publishing.</subfield>
               <subfield code="2">fast</subfield>
               <subfield code="0">(OCoLC)fst01037081</subfield>
            </datafield>
            <datafield tag="650" ind1=" " ind2="7">
               <subfield code="a">Periodicals</subfield>
               <subfield code="x">Publishing.</subfield>
               <subfield code="2">fast</subfield>
               <subfield code="0">(OCoLC)fst01058100</subfield>
            </datafield>
            <datafield tag="650" ind1=" " ind2="7">
               <subfield code="a">Zeitschrift.</subfield>
               <subfield code="2">gnd</subfield>
            </datafield>
            <datafield tag="650" ind1=" " ind2="7">
               <subfield code="a">Zeitung.</subfield>
               <subfield code="2">gnd</subfield>
            </datafield>
            <datafield tag="650" ind1=" " ind2="7">
               <subfield code="a">Zeitungsverleger.</subfield>
               <subfield code="2">gnd</subfield>
            </datafield>
            <datafield tag="651" ind1=" " ind2="7">
               <subfield code="a">Great Britain.</subfield>
               <subfield code="2">fast</subfield>
               <subfield code="0">(OCoLC)fst01204623</subfield>
            </datafield>
            <datafield tag="651" ind1=" " ind2="7">
               <subfield code="a">Großbritannien.</subfield>
               <subfield code="2">gnd</subfield>
            </datafield>
            <datafield tag="655" ind1=" " ind2="7">
               <subfield code="a">History.</subfield>
               <subfield code="2">fast</subfield>
               <subfield code="0">(OCoLC)fst01411628</subfield>
            </datafield>
            <datafield tag="700" ind1="1" ind2=" ">
               <subfield code="a">King, Andrew,</subfield>
               <subfield code="d">1957-</subfield>
               <subfield code="e">editor.</subfield>
               <subfield code="0">http://id.loc.gov/authorities/names/n2003055012</subfield>
            </datafield>
            <datafield tag="700" ind1="1" ind2=" ">
               <subfield code="a">Easley, Alexis,</subfield>
               <subfield code="d">1963-</subfield>
               <subfield code="e">editor.</subfield>
               <subfield code="0">http://id.loc.gov/authorities/names/n2003037847</subfield>
            </datafield>
            <datafield tag="700" ind1="1" ind2=" ">
               <subfield code="a">Morton, John</subfield>
               <subfield code="q">(John S.),</subfield>
               <subfield code="e">editor.</subfield>
               <subfield code="0">http://id.loc.gov/authorities/names/no2010140303</subfield>
            </datafield>
            <datafield tag="999" ind1=" " ind2=" ">
               <subfield code="a">PN5124.P4R68 2016</subfield>
               <subfield code="w">LC</subfield>
               <subfield code="c">1</subfield>
               <subfield code="i">000079031035</subfield>
               <subfield code="d">8/8/2022</subfield>
               <subfield code="e">3/29/2019</subfield>
               <subfield code="l">PATTEE-2A</subfield>
               <subfield code="m">UP-PAT</subfield>
               <subfield code="n">1</subfield>
               <subfield code="r">Y</subfield>
               <subfield code="s">Y</subfield>
               <subfield code="t">BOOK</subfield>
               <subfield code="u">8/9/2016</subfield>
            </datafield>
      </record>
    </metadata>
  </record>