
   <record> 
    <header>
      <identifier>oai:cat.libraries.psu.edu:18158516</identifier> 
      <datestamp>2022-12-16</datestamp>
      <setSpec>BOOK</setSpec> 
    </header>
    <metadata>
      <record xmlns="http://www.loc.gov/MARC21/slim" xsi:schemaLocation="http://www.loc.gov/MARC21/slim http://www.loc.gov/standards/marcxml/schema/MARC21slim.xsd" type="Bibliographic">
         <leader>     cam  22      i 4500</leader>
         <controlfield tag="008">160101t20162016stka     b    001 0 eng d</controlfield>
            <datafield tag="020" ind1=" " ind2=" ">
               <subfield code="a">9781474411264</subfield>
            </datafield>
            <datafield tag="020" ind1=" " ind2=" ">
               <subfield code="a">1474411266</subfield>
            </datafield>
            <datafield tag="035" ind1=" " ind2=" ">
               <subfield code="a">(OCoLC)933721915</subfield>
            </datafield>
            <datafield tag="050" ind1=" " ind2="4">
               <subfield code="a">PN2589</subfield>
               <subfield code="b">.D48 2016</subfield>
            </datafield>
            <datafield tag="082" ind1="0" ind2="4">
               <subfield code="a">792.0942</subfield>
               <subfield code="2">23</subfield>
            </datafield>
            <datafield tag="100" ind1="1" ind2=" ">
               <subfield code="a">Deutermann, Allison K.,</subfield>
               <subfield code="e">author.</subfield>
               <subfield code="0">http://id.loc.gov/authorities/names/no2014021240</subfield>
            </datafield>
            <datafield tag="245" ind1="1" ind2="0">
               <subfield code="a">Listening for theatrical form in early modern England /</subfield>
               <subfield code="c">Allison K. Deutermann.</subfield>
            </datafield>
            <datafield tag="264" ind1=" " ind2="1">
               <subfield code="a">Edinburgh :</subfield>
               <subfield code="b">Edinburgh University Press,</subfield>
               <subfield code="c">[2016]</subfield>
            </datafield>
            <datafield tag="264" ind1=" " ind2="4">
               <subfield code="c">©2016</subfield>
            </datafield>
            <datafield tag="300" ind1=" " ind2=" ">
               <subfield code="a">x, 196 pages :</subfield>
               <subfield code="b">illustrations ;</subfield>
               <subfield code="c">24 cm.</subfield>
            </datafield>
            <datafield tag="490" ind1="1" ind2=" ">
               <subfield code="a">Edinburgh critical studies in Renaissance culture</subfield>
            </datafield>
            <datafield tag="504" ind1=" " ind2=" ">
               <subfield code="a">Includes bibliographical references (pages 178-191) and index.</subfield>
            </datafield>
            <datafield tag="505" ind1="8" ind2=" ">
               <subfield code="a">Introduction: 'audiences to this act' -- Sound in mind and body: hearing early modern revenge tragedy -- 'Sprinkled among your ears': Ben Jonson, John Marston and the cultivation of the listening connoisseur -- 'Caviare to the general'?: taste, hearing and genre in Hamlet -- Listening for form at the Cockpit Theatre.</subfield>
            </datafield>
            <datafield tag="520" ind1="1" ind2=" ">
               <subfield code="a">&quot;Early modern drama was in fundamental ways an aural art form. How plays should sound and how they should be heard were questions vital to the formal development of early modern drama, and particularly to two of its most popular genres: revenge tragedy and city comedy. Simply put, theatergoers were taught to hear these plays differently. Revenge tragedies by William Shakespeare and Thomas Kyd imagine sound stabbing, piercing and slicing into listeners' bodies on and off the stage; while comedies by Ben Jonson and John Marston imagine it being sampled selectively and according to taste. Listening for Theatrical Form in Early Modern England traces the interconnected development of these two genres and auditory modes over six decades of commercial theatre history, combining surveys of the theatrical marketplace with focused attention to specific plays and to the non-dramatic literature that gives this interest in audition texture: anatomy texts, sermons, music treatises and manuals on rhetoric an poetics.&quot;--P. [4] of cover.</subfield>
            </datafield>
            <datafield tag="650" ind1=" " ind2="0">
               <subfield code="a">English drama</subfield>
               <subfield code="y">Early modern and Elizabethan, 1500-1600</subfield>
               <subfield code="x">History and criticism.</subfield>
               <subfield code="0">http://id.loc.gov/authorities/subjects/sh2008103081</subfield>
            </datafield>
            <datafield tag="650" ind1=" " ind2="0">
               <subfield code="a">Theater</subfield>
               <subfield code="z">England</subfield>
               <subfield code="x">History</subfield>
               <subfield code="y">16th century.</subfield>
               <subfield code="0">http://id.loc.gov/authorities/subjects/sh2008112835</subfield>
            </datafield>
            <datafield tag="650" ind1=" " ind2="0">
               <subfield code="a">Theaters</subfield>
               <subfield code="x">Sound effects</subfield>
               <subfield code="0">http://id.loc.gov/authorities/subjects/sh85134592</subfield>
            </datafield>
            <datafield tag="650" ind1=" " ind2="7">
               <subfield code="a">English drama</subfield>
               <subfield code="x">Early modern and Elizabethan.</subfield>
               <subfield code="2">fast</subfield>
               <subfield code="0">(OCoLC)fst01710950</subfield>
            </datafield>
            <datafield tag="650" ind1=" " ind2="7">
               <subfield code="a">Theater.</subfield>
               <subfield code="2">fast</subfield>
               <subfield code="0">(OCoLC)fst01149217</subfield>
            </datafield>
            <datafield tag="650" ind1=" " ind2="7">
               <subfield code="a">Theaters</subfield>
               <subfield code="x">Sound effects.</subfield>
               <subfield code="2">fast</subfield>
               <subfield code="0">(OCoLC)fst01149402</subfield>
            </datafield>
            <datafield tag="651" ind1=" " ind2="7">
               <subfield code="a">England.</subfield>
               <subfield code="2">fast</subfield>
               <subfield code="0">(OCoLC)fst01219920</subfield>
            </datafield>
            <datafield tag="655" ind1=" " ind2="7">
               <subfield code="a">Criticism, interpretation, etc.</subfield>
               <subfield code="2">fast</subfield>
               <subfield code="0">(OCoLC)fst01411635</subfield>
            </datafield>
            <datafield tag="655" ind1=" " ind2="7">
               <subfield code="a">History.</subfield>
               <subfield code="2">fast</subfield>
               <subfield code="0">(OCoLC)fst01411628</subfield>
            </datafield>
            <datafield tag="830" ind1=" " ind2="0">
               <subfield code="a">Edinburgh critical studies in Renaissance culture.</subfield>
               <subfield code="0">http://id.loc.gov/authorities/names/no2011152764</subfield>
            </datafield>
            <datafield tag="999" ind1=" " ind2=" ">
               <subfield code="a">PN2589.D48 2016</subfield>
               <subfield code="w">LC</subfield>
               <subfield code="c">1</subfield>
               <subfield code="i">000079030359</subfield>
               <subfield code="d">4/8/2018</subfield>
               <subfield code="e">4/8/2018</subfield>
               <subfield code="k">CHECKEDOUT</subfield>
               <subfield code="l">PATTEE-2A</subfield>
               <subfield code="m">UP-PAT</subfield>
               <subfield code="n">4</subfield>
               <subfield code="r">M</subfield>
               <subfield code="s">Y</subfield>
               <subfield code="t">BOOK</subfield>
               <subfield code="u">8/9/2016</subfield>
            </datafield>
      </record>
    </metadata>
  </record>