
   <record> 
    <header>
      <identifier>oai:cat.libraries.psu.edu:18158517</identifier> 
      <datestamp>2022-12-16</datestamp>
      <setSpec>BOOK</setSpec> 
    </header>
    <metadata>
      <record xmlns="http://www.loc.gov/MARC21/slim" xsi:schemaLocation="http://www.loc.gov/MARC21/slim http://www.loc.gov/standards/marcxml/schema/MARC21slim.xsd" type="Bibliographic">
         <leader>     cam  22      i 4500</leader>
         <controlfield tag="008">160106s2016    enka     b    001 0 eng  </controlfield>
            <datafield tag="010" ind1=" " ind2=" ">
               <subfield code="a">  2016936399</subfield>
            </datafield>
            <datafield tag="020" ind1=" " ind2=" ">
               <subfield code="a">9781137505569</subfield>
               <subfield code="q">(alk. paper)</subfield>
            </datafield>
            <datafield tag="020" ind1=" " ind2=" ">
               <subfield code="a">1137505567</subfield>
               <subfield code="q">(alk. paper)</subfield>
            </datafield>
            <datafield tag="035" ind1=" " ind2=" ">
               <subfield code="a">(OCoLC)934194072</subfield>
            </datafield>
            <datafield tag="050" ind1="1" ind2="4">
               <subfield code="a">QP360.5</subfield>
               <subfield code="b">.V65 2016</subfield>
            </datafield>
            <datafield tag="082" ind1="0" ind2="4">
               <subfield code="a">612.8</subfield>
               <subfield code="2">23</subfield>
            </datafield>
            <datafield tag="100" ind1="1" ind2=" ">
               <subfield code="a">Vos, Jan de,</subfield>
               <subfield code="d">1967-</subfield>
               <subfield code="e">author.</subfield>
               <subfield code="0">http://id.loc.gov/authorities/names/n2011085613</subfield>
            </datafield>
            <datafield tag="245" ind1="1" ind2="4">
               <subfield code="a">The metamorphoses of the brain :</subfield>
               <subfield code="b">neurologisation and its discontents /</subfield>
               <subfield code="c">Jan de Vos.</subfield>
            </datafield>
            <datafield tag="264" ind1=" " ind2="1">
               <subfield code="a">London :</subfield>
               <subfield code="b">Palgrave Macmillan,</subfield>
               <subfield code="c">[2016]</subfield>
            </datafield>
            <datafield tag="300" ind1=" " ind2=" ">
               <subfield code="a">ix, 250 pages :</subfield>
               <subfield code="b">illustrations ;</subfield>
               <subfield code="c">22 cm</subfield>
            </datafield>
            <datafield tag="504" ind1=" " ind2=" ">
               <subfield code="a">Includes bibliographical references and index.</subfield>
            </datafield>
            <datafield tag="505" ind1="0" ind2=" ">
               <subfield code="a">Machine generated contents note: 1.Introduction: The Metamorphoses of the Brain -- 2.The Educated Brain: A Critique of Neuroeducation -- 3.The Material Brain: A Plea for the Uselessness of Psychoanalysis -- 4.The Iconographic Brain: An Inquiry into the Culture of Brain Imaging -- 5.The Sexual Brain: Against Neuro-Plasticity -- 6.The Celebrated Brain: The Role of the Brain in the Society of the Spectacle -- 7.The Political Brain: The Brain as a Political Invention.</subfield>
            </datafield>
            <datafield tag="650" ind1=" " ind2="0">
               <subfield code="a">Neuropsychology</subfield>
               <subfield code="x">Social aspects.</subfield>
            </datafield>
            <datafield tag="650" ind1="1" ind2="2">
               <subfield code="a">Neuropsychology</subfield>
               <subfield code="0">https://id.nlm.nih.gov/mesh/D009484</subfield>
            </datafield>
            <datafield tag="650" ind1="2" ind2="2">
               <subfield code="a">Theory of Mind</subfield>
               <subfield code="0">https://id.nlm.nih.gov/mesh/D056345</subfield>
            </datafield>
            <datafield tag="650" ind1="2" ind2="2">
               <subfield code="a">Sociological Factors</subfield>
               <subfield code="0">https://id.nlm.nih.gov/mesh/D066252</subfield>
            </datafield>
            <datafield tag="650" ind1="2" ind2="2">
               <subfield code="a">Nervous System Diseases</subfield>
               <subfield code="x">psychology</subfield>
               <subfield code="0">https://id.nlm.nih.gov/mesh/D009422Q000523</subfield>
            </datafield>
            <datafield tag="650" ind1=" " ind2="4">
               <subfield code="a">77.50 psychophysiology.</subfield>
            </datafield>
            <datafield tag="650" ind1=" " ind2="7">
               <subfield code="a">Neuropsychology</subfield>
               <subfield code="x">Social aspects.</subfield>
               <subfield code="2">fast</subfield>
               <subfield code="0">(OCoLC)fst01036501</subfield>
            </datafield>
            <datafield tag="650" ind1="1" ind2="7">
               <subfield code="a">Filosofische antropologie.</subfield>
               <subfield code="2">gtt</subfield>
               <subfield code="0">(NL-LeOCL)078506190</subfield>
            </datafield>
            <datafield tag="650" ind1="1" ind2="7">
               <subfield code="a">Hersenen.</subfield>
               <subfield code="2">gtt</subfield>
               <subfield code="0">(NL-LeOCL)078533554</subfield>
            </datafield>
            <datafield tag="999" ind1=" " ind2=" ">
               <subfield code="a">QP360.5.V65 2016</subfield>
               <subfield code="w">LC</subfield>
               <subfield code="c">1</subfield>
               <subfield code="i">000079031165</subfield>
               <subfield code="d">1/25/2018</subfield>
               <subfield code="e">5/26/2017</subfield>
               <subfield code="l">PATERNO-4</subfield>
               <subfield code="m">UP-PAT</subfield>
               <subfield code="n">1</subfield>
               <subfield code="q">1</subfield>
               <subfield code="r">Y</subfield>
               <subfield code="s">Y</subfield>
               <subfield code="t">BOOK</subfield>
               <subfield code="u">8/9/2016</subfield>
            </datafield>
      </record>
    </metadata>
  </record>