
   <record> 
    <header>
      <identifier>oai:cat.libraries.psu.edu:18158518</identifier> 
      <datestamp>2022-12-16</datestamp>
      <setSpec>BOOK</setSpec> 
    </header>
    <metadata>
      <record xmlns="http://www.loc.gov/MARC21/slim" xsi:schemaLocation="http://www.loc.gov/MARC21/slim http://www.loc.gov/standards/marcxml/schema/MARC21slim.xsd" type="Bibliographic">
         <leader>     cam  22      i 4500</leader>
         <controlfield tag="008">160111s2016    dcua     b    001 0 eng  </controlfield>
            <datafield tag="010" ind1=" " ind2=" ">
               <subfield code="a">  2015046302</subfield>
            </datafield>
            <datafield tag="020" ind1=" " ind2=" ">
               <subfield code="a">9781433822117</subfield>
               <subfield code="q">hardcover</subfield>
            </datafield>
            <datafield tag="020" ind1=" " ind2=" ">
               <subfield code="a">1433822113</subfield>
               <subfield code="q">hardcover</subfield>
            </datafield>
            <datafield tag="050" ind1="0" ind2="0">
               <subfield code="a">BF201.4</subfield>
               <subfield code="b">.W646 2016</subfield>
            </datafield>
            <datafield tag="082" ind1="0" ind2="0">
               <subfield code="a">155.3/33</subfield>
               <subfield code="2">23</subfield>
            </datafield>
            <datafield tag="245" ind1="0" ind2="0">
               <subfield code="a">Womanist and mujerista psychologies :</subfield>
               <subfield code="b">voices of fire, acts of courage /</subfield>
               <subfield code="c">edited by Thema Bryant-Davis and Lillian Comas-Díaz.</subfield>
            </datafield>
            <datafield tag="250" ind1=" " ind2=" ">
               <subfield code="a">First edition.</subfield>
            </datafield>
            <datafield tag="264" ind1=" " ind2="1">
               <subfield code="a">Washington, DC :</subfield>
               <subfield code="b">American Psychological Association,</subfield>
               <subfield code="c">[2016]</subfield>
            </datafield>
            <datafield tag="300" ind1=" " ind2=" ">
               <subfield code="a">xiv, 310 pages ;</subfield>
               <subfield code="c">26 cm.</subfield>
            </datafield>
            <datafield tag="490" ind1="1" ind2=" ">
               <subfield code="a">Psychology of women book series</subfield>
            </datafield>
            <datafield tag="504" ind1=" " ind2=" ">
               <subfield code="a">Includes bibliographical references and index.</subfield>
            </datafield>
            <datafield tag="505" ind1="0" ind2=" ">
               <subfield code="a">Machine generated contents note: I.Research -- ch. 1 Womanist Research / Karen Fraser Wyche -- ch. 2 Mujerista Research: Integrating Body, Emotion, Spirit, and Community / Ana Paulina Moreno -- II.Clinical Practice -- ch. 3 Womanist Therapy With Black Women / Janis V. Sanchez-Hucles -- ch. 4 Latinas Poderosas: Shaping Mujerismo to Manifest Sacred Spaces for Healing and Transformation / Jeanett Castellanos -- III.Spirituality -- ch. 5 Womanism and Spirituality/Theology / Stephanie Lee -- ch. 6 Mujerista Psychospirituality / Lillian Comas-Diaz -- IV.Creativity -- ch. 7 Womanism, Creativity, and Resistance: Making A Way Out of &quot;No Way&quot; / Thema Bryant-Davis -- ch. 8 Mujerista Creativity: Latin@ Sacred Arts as Life-Course Developmental Resources / Darcy Alcantara -- V.Social Justice Action -- ch. 9 A Psychocultural Exploration of Womanism, Activism, and Social Justice / Tyonna Adams -- ch. 10 Mujeristas and Social Justice: La Lucha es la Vida / Josefina E. Duran -- VI.Looking Forward -- ch. 11 The Value of Promoting Womanist and Mujerista Leaders / Melba J. T. Vasquez -- ch. 12 Conclusion: Toward Global Womanist and Mujerista Psychologies / Thema Bryant-Davis.</subfield>
            </datafield>
            <datafield tag="650" ind1=" " ind2="0">
               <subfield code="a">Feminist psychology.</subfield>
            </datafield>
            <datafield tag="650" ind1=" " ind2="0">
               <subfield code="a">Minority women</subfield>
               <subfield code="x">Psychology.</subfield>
            </datafield>
            <datafield tag="650" ind1=" " ind2="0">
               <subfield code="a">Women</subfield>
               <subfield code="x">Psychology.</subfield>
            </datafield>
            <datafield tag="650" ind1=" " ind2="7">
               <subfield code="a">Feminist psychology.</subfield>
               <subfield code="2">fast</subfield>
               <subfield code="0">(OCoLC)fst00922806</subfield>
            </datafield>
            <datafield tag="650" ind1=" " ind2="7">
               <subfield code="a">Minority women</subfield>
               <subfield code="x">Psychology.</subfield>
               <subfield code="2">fast</subfield>
               <subfield code="0">(OCoLC)fst01023430</subfield>
            </datafield>
            <datafield tag="650" ind1=" " ind2="7">
               <subfield code="a">Women</subfield>
               <subfield code="x">Psychology.</subfield>
               <subfield code="2">fast</subfield>
               <subfield code="0">(OCoLC)fst01176894</subfield>
            </datafield>
            <datafield tag="700" ind1="1" ind2=" ">
               <subfield code="a">Bryant-Davis, Thema,</subfield>
               <subfield code="e">editor.</subfield>
            </datafield>
            <datafield tag="700" ind1="1" ind2=" ">
               <subfield code="a">Comas-Díaz, Lillian,</subfield>
               <subfield code="e">editor.</subfield>
            </datafield>
            <datafield tag="830" ind1=" " ind2="0">
               <subfield code="a">Psychology of women book series.</subfield>
            </datafield>
            <datafield tag="999" ind1=" " ind2=" ">
               <subfield code="a">BF201.4.W646 2016</subfield>
               <subfield code="w">LC</subfield>
               <subfield code="c">1</subfield>
               <subfield code="i">000079031059</subfield>
               <subfield code="d">4/12/2017</subfield>
               <subfield code="e">12/12/2016</subfield>
               <subfield code="l">PATERNO-2</subfield>
               <subfield code="m">UP-PAT</subfield>
               <subfield code="n">3</subfield>
               <subfield code="q">1</subfield>
               <subfield code="r">Y</subfield>
               <subfield code="s">Y</subfield>
               <subfield code="t">BOOK</subfield>
               <subfield code="u">8/9/2016</subfield>
            </datafield>
      </record>
    </metadata>
  </record>