
   <record> 
    <header>
      <identifier>oai:cat.libraries.psu.edu:18158519</identifier> 
      <datestamp>2022-12-16</datestamp>
      <setSpec>BOOK</setSpec> 
    </header>
    <metadata>
      <record xmlns="http://www.loc.gov/MARC21/slim" xsi:schemaLocation="http://www.loc.gov/MARC21/slim http://www.loc.gov/standards/marcxml/schema/MARC21slim.xsd" type="Bibliographic">
         <leader>     nam  22     8a 4500</leader>
         <controlfield tag="008">160329s2016    ne a     b    001 0 eng  </controlfield>
            <datafield tag="010" ind1=" " ind2=" ">
               <subfield code="a">  2016001810</subfield>
            </datafield>
            <datafield tag="020" ind1=" " ind2=" ">
               <subfield code="a">9789027256669</subfield>
               <subfield code="q">hardcover</subfield>
               <subfield code="q">alkaline paper</subfield>
            </datafield>
            <datafield tag="020" ind1=" " ind2=" ">
               <subfield code="a">9027256667</subfield>
               <subfield code="q">hardcover</subfield>
               <subfield code="q">alkaline paper</subfield>
            </datafield>
            <datafield tag="020" ind1=" " ind2=" ">
               <subfield code="a">9027267278</subfield>
            </datafield>
            <datafield tag="020" ind1=" " ind2=" ">
               <subfield code="a">9789027267276</subfield>
            </datafield>
            <datafield tag="024" ind1="3" ind2=" ">
               <subfield code="a">9789027256669</subfield>
            </datafield>
            <datafield tag="050" ind1="0" ind2="0">
               <subfield code="a">P99.4.P72</subfield>
               <subfield code="b">K75 2016</subfield>
            </datafield>
            <datafield tag="082" ind1="0" ind2="0">
               <subfield code="a">430.1/45</subfield>
               <subfield code="2">23</subfield>
            </datafield>
            <datafield tag="100" ind1="1" ind2=" ">
               <subfield code="a">Kranich, Svenja</subfield>
               <subfield code="e">author.</subfield>
            </datafield>
            <datafield tag="245" ind1="1" ind2="0">
               <subfield code="a">Contrastive pragmatics and translation :</subfield>
               <subfield code="b">evaluation, epistemic modality and communicative styles in English and German /</subfield>
               <subfield code="c">Svenja Kranich, Johannes Gutenberg-Universität Mainz.</subfield>
            </datafield>
            <datafield tag="264" ind1=" " ind2="1">
               <subfield code="a">Amsterdam ;</subfield>
               <subfield code="a">Philadelphia :</subfield>
               <subfield code="b">John Benjamins Publishing Company,</subfield>
               <subfield code="c">[2016]</subfield>
            </datafield>
            <datafield tag="300" ind1=" " ind2=" ">
               <subfield code="a">xiv, 204 pages ;</subfield>
               <subfield code="c">25 cm.</subfield>
            </datafield>
            <datafield tag="490" ind1="1" ind2=" ">
               <subfield code="a">Pragmatics &amp; beyond new series ;</subfield>
               <subfield code="v">volume 261</subfield>
            </datafield>
            <datafield tag="504" ind1=" " ind2=" ">
               <subfield code="a">Includes bibliographical references and index.</subfield>
            </datafield>
            <datafield tag="505" ind1="0" ind2=" ">
               <subfield code="a">Machine generated contents note: ch. 1 Introduction -- 1.1.General description of the study and its central aims -- 1.2.Definitions of key terms -- 1.2.1.Contrastive pragmatics -- 1.2.2.Covert and overt translation -- 1.2.3.Translation `universals' -- 1.2.4.Subjectivity and addressee-orientation -- 1.3.Contrastive studies of communication styles and cultural stereotyping -- 1.4.Organization of the study -- ch. 2 General hypotheses, data and methods -- 2.1.General hypotheses -- 2.2.Methods and data -- ch. 3 The five dimensions of English-German communicative contrasts -- ch. 4 Contrastive perspectives on English-German pragmatic and stylistic contrasts -- 4.1.English-German contrasts in academic discourse and popular science -- 4.1.1.Text organization and linearity of academic articles -- 4.1.2.Hedging and impersonal expressions in peer-addressed and popular scientific writing -- 4.1.3.Popular science: An overview -- 4.1.4.Deictic elements in popular science -- 4.1.5.Connectivity in popular science -- 4.2.English-German contrasts in business communication -- 4.2.1.General findings -- 4.2.2.Text organization and linearity -- 4.2.3.Modality -- 4.2.4.Person deixis -- 4.3.English-German contrasts in other genres and cross-genre studies -- 4.4.Summary of previous results on English-German communicative contrasts -- ch. 5 The impact of English-German pragmatic and stylistic contrasts on translations -- 5.1.Translations of popular science -- 5.1.1.General findings -- 5.1.2.Person deixis -- 5.1.3.Connectivity -- 5.2.Translations of business communication -- 5.2.1.General findings -- 5.2.2.Modality -- 5.2.3.Person deixis -- 5.2.4.Connectivity -- 5.2.5.Evaluative lexis -- 5.2.6.Explicitness versus implicitness -- 5.3.Translations of other genres -- 5.3.1.Connectivity -- 5.3.2.Explicitness versus implicitness -- 5.3.3.Verbal routines vs. ad-hoc formulation -- 5.4.Summary of previous results on English-German contrasts in translation -- ch. 6 English-German contrasts in evaluative practice -- 6.1.Why study evaluation -- 6.2.Hypotheses -- 6.3.Expressions of evaluation in discourse -- 6.4.Adjectives as means of expressing evaluation -- 6.5.Methods -- 6.6.Contrastive findings -- 6.7.Translation analysis -- 6.8.Summary -- ch. 7 English-German contrasts in epistemic modal marking -- 7.1.Why study epistemic modality -- 7.2.Hypotheses -- 7.3.Epistemic modality in letters to shareholders -- 7.3.1.Previous findings -- 7.3.2.Methods -- 7.3.3.General function of epistemic modal marking in the genre -- 7.3.4.Contrastive findings -- 7.3.4.1.General contrasts in frequency -- 7.3.4.2.Contrasts in preferred lexico-grammatical categories -- 7.3.4.3.Contrasts in the use of modalized statements in different domains of reference -- 7.3.4.4.Contrasts in the use of markers of high and low probability -- 7.3.4.5.Summary -- 7.3.5.Translation analysis -- 7.3.5.1.General contrasts in frequency -- 7.3.5.2.Preferred lexico-grammatical categories in translations -- 7.3.5.3.Use of modalized statements in different domains of reference -- 7.3.5.4.Summary -- 7.4.Epistemic modality in popular science -- 7.4.1.Previous findings -- 7.4.2.Methods -- 7.4.3.General function in the genre -- 7.4.4.Contrastive findings -- 7.4.4.1.General contrasts in frequency -- 7.4.4.2.Contrasts in preferred lexico-grammatical categories -- 7.4.4.3.Contrasts in the use of markers of high and low probability -- 7.4.4.4.Summary -- 7.4.5.Translation analysis -- 7.4.5.1.General differences in frequency -- 7.4.5.2.Preferred lexico-grammatical categories in translations -- 7.4.5.3.Use of markers of high and low probability in translations -- 7.5.A cross-genre comparison of epistemic modality in two genres -- 7.6.Summary -- ch. 8 Translations as trigger of linguistic change? Changes in the genre of popular science in English texts, English-German translations and German originals -- 8.1.Diachronic change in English popular scientific articles -- 8.2.Diachronic change in English-German translations of popular scientific articles and in German originals -- 8.2.1.The case of we ~ wir -- 8.2.2.The case of And ~ Und -- 8.2.3.The case of But ~ Aber ~ Doch -- 8.2.4.The case of epistemic modal markers -- 8.3.Discussion of the reasons for the diachronic changes observed -- 8.4.Summary and conclusion -- ch. 9 Conclusion and outlook -- 9.1.Summary -- 9.2.Evaluation of the general hypotheses -- 9.3.Outlook.</subfield>
            </datafield>
            <datafield tag="650" ind1=" " ind2="0">
               <subfield code="a">Pragmatics.</subfield>
            </datafield>
            <datafield tag="650" ind1=" " ind2="0">
               <subfield code="a">Contrastive linguistics.</subfield>
            </datafield>
            <datafield tag="650" ind1=" " ind2="0">
               <subfield code="a">Translating and interpreting</subfield>
               <subfield code="x">Social aspects.</subfield>
            </datafield>
            <datafield tag="650" ind1=" " ind2="0">
               <subfield code="a">English language</subfield>
               <subfield code="x">Rhetoric.</subfield>
            </datafield>
            <datafield tag="650" ind1=" " ind2="0">
               <subfield code="a">German language</subfield>
               <subfield code="x">Rhetoric.</subfield>
            </datafield>
            <datafield tag="650" ind1=" " ind2="0">
               <subfield code="a">Information theory in translating.</subfield>
            </datafield>
            <datafield tag="650" ind1=" " ind2="0">
               <subfield code="a">Discourse analysis</subfield>
               <subfield code="x">Social aspects.</subfield>
            </datafield>
            <datafield tag="650" ind1=" " ind2="7">
               <subfield code="a">Contrastive linguistics.</subfield>
               <subfield code="2">fast</subfield>
               <subfield code="0">(OCoLC)fst00877054</subfield>
            </datafield>
            <datafield tag="650" ind1=" " ind2="7">
               <subfield code="a">Discourse analysis</subfield>
               <subfield code="x">Social aspects.</subfield>
               <subfield code="2">fast</subfield>
               <subfield code="0">(OCoLC)fst00894940</subfield>
            </datafield>
            <datafield tag="650" ind1=" " ind2="7">
               <subfield code="a">English language</subfield>
               <subfield code="x">Rhetoric.</subfield>
               <subfield code="2">fast</subfield>
               <subfield code="0">(OCoLC)fst00911581</subfield>
            </datafield>
            <datafield tag="650" ind1=" " ind2="7">
               <subfield code="a">German language</subfield>
               <subfield code="x">Rhetoric.</subfield>
               <subfield code="2">fast</subfield>
               <subfield code="0">(OCoLC)fst00941693</subfield>
            </datafield>
            <datafield tag="650" ind1=" " ind2="7">
               <subfield code="a">Information theory in translating.</subfield>
               <subfield code="2">fast</subfield>
               <subfield code="0">(OCoLC)fst00973184</subfield>
            </datafield>
            <datafield tag="650" ind1=" " ind2="7">
               <subfield code="a">Pragmatics.</subfield>
               <subfield code="2">fast</subfield>
               <subfield code="0">(OCoLC)fst01074579</subfield>
            </datafield>
            <datafield tag="650" ind1=" " ind2="7">
               <subfield code="a">Translating and interpreting</subfield>
               <subfield code="x">Social aspects.</subfield>
               <subfield code="2">fast</subfield>
               <subfield code="0">(OCoLC)fst01154811</subfield>
            </datafield>
            <datafield tag="650" ind1="0" ind2="7">
               <subfield code="a">Stil.</subfield>
               <subfield code="0">(DE-588)4124256-7</subfield>
               <subfield code="2">gnd</subfield>
            </datafield>
            <datafield tag="650" ind1="0" ind2="7">
               <subfield code="a">Übersetzung.</subfield>
               <subfield code="0">(DE-588)4061418-9</subfield>
               <subfield code="2">gnd</subfield>
            </datafield>
            <datafield tag="650" ind1="0" ind2="7">
               <subfield code="a">Pragmatik.</subfield>
               <subfield code="0">(DE-588)4076315-8</subfield>
               <subfield code="2">gnd</subfield>
            </datafield>
            <datafield tag="650" ind1="0" ind2="7">
               <subfield code="a">Kontrastive Linguistik.</subfield>
               <subfield code="0">(DE-588)4073708-1</subfield>
               <subfield code="2">gnd</subfield>
            </datafield>
            <datafield tag="650" ind1="0" ind2="7">
               <subfield code="a">Deutsch.</subfield>
               <subfield code="0">(DE-588)4113292-0</subfield>
               <subfield code="2">gnd</subfield>
            </datafield>
            <datafield tag="650" ind1="0" ind2="7">
               <subfield code="a">Englisch.</subfield>
               <subfield code="0">(DE-588)4014777-0</subfield>
               <subfield code="2">gnd</subfield>
            </datafield>
            <datafield tag="830" ind1=" " ind2="0">
               <subfield code="a">Pragmatics &amp; beyond ;</subfield>
               <subfield code="v">new ser., 261.</subfield>
            </datafield>
            <datafield tag="999" ind1=" " ind2=" ">
               <subfield code="a">P99.4.P72K75 2016</subfield>
               <subfield code="w">LC</subfield>
               <subfield code="c">1</subfield>
               <subfield code="i">000078510159</subfield>
               <subfield code="d">8/20/2018</subfield>
               <subfield code="e">8/1/2018</subfield>
               <subfield code="l">PATTEE-2</subfield>
               <subfield code="m">UP-PAT</subfield>
               <subfield code="n">1</subfield>
               <subfield code="r">Y</subfield>
               <subfield code="s">Y</subfield>
               <subfield code="t">BOOK</subfield>
               <subfield code="u">8/9/2016</subfield>
            </datafield>
      </record>
    </metadata>
  </record>