
   <record> 
    <header>
      <identifier>oai:cat.libraries.psu.edu:18158520</identifier> 
      <datestamp>2022-12-16</datestamp>
      <setSpec>BOOK</setSpec> 
    </header>
    <metadata>
      <record xmlns="http://www.loc.gov/MARC21/slim" xsi:schemaLocation="http://www.loc.gov/MARC21/slim http://www.loc.gov/standards/marcxml/schema/MARC21slim.xsd" type="Bibliographic">
         <leader>     cam  22      i 4500</leader>
         <controlfield tag="008">160120s2016    nyua     b    001 0 eng  </controlfield>
            <datafield tag="010" ind1=" " ind2=" ">
               <subfield code="a">  2016002636</subfield>
            </datafield>
            <datafield tag="020" ind1=" " ind2=" ">
               <subfield code="a">9780190459376</subfield>
               <subfield code="q">paperback</subfield>
               <subfield code="q">alkaline paper</subfield>
            </datafield>
            <datafield tag="020" ind1=" " ind2=" ">
               <subfield code="a">0190459379</subfield>
               <subfield code="q">paperback</subfield>
               <subfield code="q">alkaline paper</subfield>
            </datafield>
            <datafield tag="050" ind1="0" ind2="4">
               <subfield code="a">RA407</subfield>
               <subfield code="b">.K49 2016</subfield>
            </datafield>
            <datafield tag="082" ind1="0" ind2="0">
               <subfield code="a">614.4/2</subfield>
               <subfield code="2">23</subfield>
            </datafield>
            <datafield tag="100" ind1="1" ind2=" ">
               <subfield code="a">Keyes, Katherine M.,</subfield>
               <subfield code="e">author.</subfield>
            </datafield>
            <datafield tag="245" ind1="1" ind2="0">
               <subfield code="a">Population health science /</subfield>
               <subfield code="c">Katherine M. Keyes, Sandro Galea.</subfield>
            </datafield>
            <datafield tag="264" ind1=" " ind2="1">
               <subfield code="a">New York, NY :</subfield>
               <subfield code="b">Oxford University Press,</subfield>
               <subfield code="c">[2016]</subfield>
            </datafield>
            <datafield tag="300" ind1=" " ind2=" ">
               <subfield code="a">viii, 207 pages ;</subfield>
               <subfield code="c">24 cm</subfield>
            </datafield>
            <datafield tag="504" ind1=" " ind2=" ">
               <subfield code="a">Includes bibliographical references and index.</subfield>
            </datafield>
            <datafield tag="505" ind1="0" ind2=" ">
               <subfield code="a">An introduction to population health science -- Conceptualizing and evaluating causes for population health science -- The causes of cases versus causes of incidence -- Population health across levels, systems, and the lifecourse -- Ubiquity and the macrosocial determinants of population health -- Causal architecture to understand what matters most : theory -- Causal architecture and what matters most : quantitative examples -- Valuing population health interventions, measuring return on investment -- Equity and efficiency in population health science -- Prediction in population health science -- Case study : can we reduce obesity by encouraging people to eat better? -- Case study : simulating the impact of high-risk and population intervention strategies for the prevention of disease -- Tensions in population health science.</subfield>
            </datafield>
            <datafield tag="650" ind1=" " ind2="0">
               <subfield code="a">Social medicine</subfield>
               <subfield code="x">Methodology.</subfield>
            </datafield>
            <datafield tag="650" ind1=" " ind2="0">
               <subfield code="a">Health status indicators.</subfield>
            </datafield>
            <datafield tag="650" ind1="1" ind2="2">
               <subfield code="a">Social Medicine</subfield>
               <subfield code="x">methods.</subfield>
            </datafield>
            <datafield tag="650" ind1="2" ind2="2">
               <subfield code="a">Health Status.</subfield>
            </datafield>
            <datafield tag="650" ind1="2" ind2="2">
               <subfield code="a">Health Status Indicators.</subfield>
            </datafield>
            <datafield tag="650" ind1="2" ind2="2">
               <subfield code="a">Epidemiologic Methods.</subfield>
            </datafield>
            <datafield tag="700" ind1="1" ind2=" ">
               <subfield code="a">Galea, Sandro,</subfield>
               <subfield code="e">author.</subfield>
            </datafield>
            <datafield tag="776" ind1="0" ind2="8">
               <subfield code="i">Online version:</subfield>
               <subfield code="a">Keyes, Katherine M., author.</subfield>
               <subfield code="t">Population health science.</subfield>
               <subfield code="d">Oxford ; New York : Oxford University Press, [2016]</subfield>
               <subfield code="z">9780190459383</subfield>
               <subfield code="w">(DLC)  2016003088</subfield>
            </datafield>
            <datafield tag="999" ind1=" " ind2=" ">
               <subfield code="a">RA407.K49 2016</subfield>
               <subfield code="w">LC</subfield>
               <subfield code="c">1</subfield>
               <subfield code="i">000079031196</subfield>
               <subfield code="d">4/11/2022</subfield>
               <subfield code="e">4/11/2022</subfield>
               <subfield code="k">CHECKEDOUT</subfield>
               <subfield code="l">PATERNO-4</subfield>
               <subfield code="m">UP-PAT</subfield>
               <subfield code="n">4</subfield>
               <subfield code="r">M</subfield>
               <subfield code="s">Y</subfield>
               <subfield code="t">BOOK</subfield>
               <subfield code="u">8/9/2016</subfield>
            </datafield>
      </record>
    </metadata>
  </record>