
   <record> 
    <header>
      <identifier>oai:cat.libraries.psu.edu:18158523</identifier> 
      <datestamp>2022-12-16</datestamp>
      <setSpec>BOOK</setSpec> 
    </header>
    <metadata>
      <record xmlns="http://www.loc.gov/MARC21/slim" xsi:schemaLocation="http://www.loc.gov/MARC21/slim http://www.loc.gov/standards/marcxml/schema/MARC21slim.xsd" type="Bibliographic">
         <leader>     cam  22      i 4500</leader>
         <controlfield tag="008">151115s2016    enk      b    001 0 eng  </controlfield>
            <datafield tag="010" ind1=" " ind2=" ">
               <subfield code="a">  2015044183</subfield>
            </datafield>
            <datafield tag="020" ind1=" " ind2=" ">
               <subfield code="a">9781472465566</subfield>
               <subfield code="q">hardcover</subfield>
               <subfield code="q">alkaline paper</subfield>
            </datafield>
            <datafield tag="020" ind1=" " ind2=" ">
               <subfield code="a">1472465563</subfield>
               <subfield code="q">hardcover</subfield>
               <subfield code="q">alkaline paper</subfield>
            </datafield>
            <datafield tag="020" ind1=" " ind2=" ">
               <subfield code="a">9781472465597</subfield>
               <subfield code="q">paperback</subfield>
               <subfield code="q">alkaline paper</subfield>
            </datafield>
            <datafield tag="020" ind1=" " ind2=" ">
               <subfield code="a">1472465598</subfield>
               <subfield code="q">paperback</subfield>
               <subfield code="q">alkaline paper</subfield>
            </datafield>
            <datafield tag="050" ind1="0" ind2="0">
               <subfield code="a">BR100</subfield>
               <subfield code="b">.B656 2016</subfield>
            </datafield>
            <datafield tag="082" ind1="0" ind2="0">
               <subfield code="a">190</subfield>
               <subfield code="2">23</subfield>
            </datafield>
            <datafield tag="100" ind1="1" ind2=" ">
               <subfield code="a">Brown, David,</subfield>
               <subfield code="d">1948 July 1-</subfield>
               <subfield code="e">author.</subfield>
            </datafield>
            <datafield tag="240" ind1="1" ind2="0">
               <subfield code="a">Essays.</subfield>
               <subfield code="k">Selections</subfield>
            </datafield>
            <datafield tag="245" ind1="1" ind2="0">
               <subfield code="a">God in a single vision :</subfield>
               <subfield code="b">integrating philosophy and theology /</subfield>
               <subfield code="c">David Brown ; edited by Christopher R. Brewer and Robert MacSwain.</subfield>
            </datafield>
            <datafield tag="264" ind1=" " ind2="1">
               <subfield code="a">Abingdon, Oxon ;</subfield>
               <subfield code="a">New York, NY :</subfield>
               <subfield code="b">Routledge,</subfield>
               <subfield code="c">2016.</subfield>
            </datafield>
            <datafield tag="300" ind1=" " ind2=" ">
               <subfield code="a">x, 192 pages ;</subfield>
               <subfield code="c">24 cm</subfield>
            </datafield>
            <datafield tag="504" ind1=" " ind2=" ">
               <subfield code="a">Includes bibliographical references and index.</subfield>
            </datafield>
            <datafield tag="505" ind1="0" ind2=" ">
               <subfield code="a">Machine generated contents note: pt. I The Created Order -- Introduction -- 1.Why a World at All? -- 2.Creation and its Alternatives -- 3.The Problem of Pain: Why Philosophers and Theologians Need Each Other -- pt. II Experience and Revelation -- Introduction -- 4.Realism and Religious Experience -- 5.Present Revelation and Past `Problematic' Texts -- 6.From Past Meaning to Present Revelation: Evaluating Three Approaches -- pt. III Incarnation, Trinity, and Redemption -- Introduction -- 7.Incarnational Models Revisited -- 8.Trinitarian Personhood and Individuality -- 9.Anselm on Atonement -- 10.Images of Atonement: Metaphor and the Dangers of Doctrine -- pt. IV Heaven and our Communal Destiny -- Introduction -- 11.Why `Saints' Matter -- 12.No Heaven Without Purgatory -- 13.Heaven and the Communion of Living and Departed.</subfield>
            </datafield>
            <datafield tag="650" ind1=" " ind2="0">
               <subfield code="a">Christian philosophy.</subfield>
            </datafield>
            <datafield tag="650" ind1=" " ind2="0">
               <subfield code="a">Philosophy and religion.</subfield>
            </datafield>
            <datafield tag="650" ind1=" " ind2="0">
               <subfield code="a">Philosophical theology.</subfield>
            </datafield>
            <datafield tag="650" ind1=" " ind2="0">
               <subfield code="a">Theology, Doctrinal.</subfield>
            </datafield>
            <datafield tag="650" ind1=" " ind2="7">
               <subfield code="a">Christian philosophy.</subfield>
               <subfield code="2">fast</subfield>
               <subfield code="0">(OCoLC)fst01746483</subfield>
            </datafield>
            <datafield tag="650" ind1=" " ind2="7">
               <subfield code="a">Philosophical theology.</subfield>
               <subfield code="2">fast</subfield>
               <subfield code="0">(OCoLC)fst01060773</subfield>
            </datafield>
            <datafield tag="650" ind1=" " ind2="7">
               <subfield code="a">Philosophy and religion.</subfield>
               <subfield code="2">fast</subfield>
               <subfield code="0">(OCoLC)fst01060826</subfield>
            </datafield>
            <datafield tag="650" ind1=" " ind2="7">
               <subfield code="a">Theology, Doctrinal.</subfield>
               <subfield code="2">fast</subfield>
               <subfield code="0">(OCoLC)fst01149617</subfield>
            </datafield>
            <datafield tag="700" ind1="1" ind2=" ">
               <subfield code="a">Brewer, Christopher R.,</subfield>
               <subfield code="e">editor.</subfield>
            </datafield>
            <datafield tag="776" ind1="0" ind2="8">
               <subfield code="i">Online version:</subfield>
               <subfield code="a">Brown, David, 1948 July 1- author.</subfield>
               <subfield code="t">God in a single vision.</subfield>
               <subfield code="d">Burlington : Ashgate, 2016</subfield>
               <subfield code="z">9781472465573</subfield>
               <subfield code="w">(DLC)  2016005623</subfield>
            </datafield>
            <datafield tag="999" ind1=" " ind2=" ">
               <subfield code="a">BR100.B656 2016</subfield>
               <subfield code="w">LC</subfield>
               <subfield code="c">1</subfield>
               <subfield code="i">000078510265</subfield>
               <subfield code="d">10/10/2016</subfield>
               <subfield code="e">8/30/2016</subfield>
               <subfield code="l">PATTEE-BA</subfield>
               <subfield code="m">UP-PAT</subfield>
               <subfield code="r">Y</subfield>
               <subfield code="s">Y</subfield>
               <subfield code="t">BOOK</subfield>
               <subfield code="u">8/9/2016</subfield>
            </datafield>
      </record>
    </metadata>
  </record>