
   <record> 
    <header>
      <identifier>oai:cat.libraries.psu.edu:18158525</identifier> 
      <datestamp>2022-12-16</datestamp>
      <setSpec>BOOK</setSpec> 
    </header>
    <metadata>
      <record xmlns="http://www.loc.gov/MARC21/slim" xsi:schemaLocation="http://www.loc.gov/MARC21/slim http://www.loc.gov/standards/marcxml/schema/MARC21slim.xsd" type="Bibliographic">
         <leader>     cam  22      i 4500</leader>
         <controlfield tag="008">160418t20162016ne a     b    001 0 eng  </controlfield>
            <datafield tag="010" ind1=" " ind2=" ">
               <subfield code="a">  2016007677</subfield>
            </datafield>
            <datafield tag="020" ind1=" " ind2=" ">
               <subfield code="a">9789027253224</subfield>
               <subfield code="q">(hb ;</subfield>
               <subfield code="q">alk. paper)</subfield>
            </datafield>
            <datafield tag="020" ind1=" " ind2=" ">
               <subfield code="a">9027253226</subfield>
               <subfield code="q">(hb ;</subfield>
               <subfield code="q">alk. paper)</subfield>
            </datafield>
            <datafield tag="035" ind1=" " ind2=" ">
               <subfield code="a">(OCoLC)938991617</subfield>
            </datafield>
            <datafield tag="050" ind1="0" ind2="0">
               <subfield code="a">PL127</subfield>
               <subfield code="b">.S43 2016</subfield>
            </datafield>
            <datafield tag="082" ind1="0" ind2="0">
               <subfield code="a">494/.3580071</subfield>
               <subfield code="2">23</subfield>
            </datafield>
            <datafield tag="245" ind1="0" ind2="0">
               <subfield code="a">Second language acquisition of Turkish /</subfield>
               <subfield code="c">edited by Ayşe Gürel, Boğaziçi University.</subfield>
            </datafield>
            <datafield tag="264" ind1=" " ind2="1">
               <subfield code="a">Amsterdam ;</subfield>
               <subfield code="a">Philadelphia :</subfield>
               <subfield code="b">John Benjamins Publishing Company,</subfield>
               <subfield code="c">[2016]</subfield>
            </datafield>
            <datafield tag="264" ind1=" " ind2="4">
               <subfield code="c">©2016</subfield>
            </datafield>
            <datafield tag="300" ind1=" " ind2=" ">
               <subfield code="a">vi, 351 pages :</subfield>
               <subfield code="b">illustrations (some color) ;</subfield>
               <subfield code="c">25 cm.</subfield>
            </datafield>
            <datafield tag="490" ind1="1" ind2=" ">
               <subfield code="a">Language acquisition and language disorders (LALD),</subfield>
               <subfield code="x">2213-428X ;</subfield>
               <subfield code="v">volume 59</subfield>
            </datafield>
            <datafield tag="504" ind1=" " ind2=" ">
               <subfield code="a">Includes bibliographical references and index.</subfield>
            </datafield>
            <datafield tag="505" ind1="0" ind2=" ">
               <subfield code="a">Machine generated contents note: pt. I The acquisition of L2 phonology -- ch. 1 Acquisition of L2 Turkish prosody: The effects of purely phonological and phonosyntactic issues / Oner Ozcelik -- ch. 2 Decreasing dependence on orthography in phonological development: Evidence from vowel harmony in English-Turkish interlanguage / Rex A. Sprouse -- pt. II The acquisition of L2 morpho-syntax -- ch. 3 The acquisition of TAM markers in L2 Turkish: Evidence from Greek learners / Despina Papadopoulou -- ch. 4 The causative/inchoative morphology in L2 Turkish under the Feature Reassembly Approach / Silvina Montrul -- ch. 5 Someone judges every sentence: Third language acquisition of quantifier scope in Turkish / Ozgur Aydin -- ch. 6 Syntax/semantics/pragmatics of yes/no questions in second language Turkish / Bilal Kirkici -- pt. III The acquisition of L2 discourse/pragmatics -- ch. 7 Cross-linguistic effects in the use of suggestion formulas by L2 Turkish learners / Leyla Marti -- ch. 8 Explicit apologies in L2 Turkish / Ciler Hatipoglu -- pt. IV The processing of L2 morpho-syntax -- ch. 9 Processing morphology in L2 Turkish: The effects of morphological richness in the L1 / Ayse Gurel -- ch. 10 Non-native syntactic processing of Case and Agreement: Evidence from event-related potentials / Tamer Demiralp -- ch. 11 Structural priming in L2 Turkish: A study on possessive noun phrases and noun clauses / Gozde Mercan.</subfield>
            </datafield>
            <datafield tag="650" ind1=" " ind2="0">
               <subfield code="a">Turkish language</subfield>
               <subfield code="x">Study and teaching</subfield>
               <subfield code="x">Foreign speakers.</subfield>
            </datafield>
            <datafield tag="650" ind1=" " ind2="0">
               <subfield code="a">Turkish language</subfield>
               <subfield code="x">Grammar</subfield>
               <subfield code="v">Problems, exercises, etc.</subfield>
            </datafield>
            <datafield tag="650" ind1=" " ind2="0">
               <subfield code="a">Turkish language</subfield>
               <subfield code="x">Spoken.</subfield>
            </datafield>
            <datafield tag="650" ind1=" " ind2="0">
               <subfield code="a">Second language acquisition.</subfield>
            </datafield>
            <datafield tag="700" ind1="1" ind2=" ">
               <subfield code="a">Gürel, Ayse,</subfield>
               <subfield code="e">editor.</subfield>
            </datafield>
            <datafield tag="830" ind1=" " ind2="0">
               <subfield code="a">Language acquisition &amp; language disorders ;</subfield>
               <subfield code="v">59.</subfield>
               <subfield code="x">0925-0123</subfield>
            </datafield>
            <datafield tag="999" ind1=" " ind2=" ">
               <subfield code="a">PL127.S43 2016</subfield>
               <subfield code="w">LC</subfield>
               <subfield code="c">1</subfield>
               <subfield code="i">000078510197</subfield>
               <subfield code="d">11/9/2016</subfield>
               <subfield code="e">8/23/2016</subfield>
               <subfield code="l">PATTEE-2A</subfield>
               <subfield code="m">UP-PAT</subfield>
               <subfield code="r">Y</subfield>
               <subfield code="s">Y</subfield>
               <subfield code="t">BOOK</subfield>
               <subfield code="u">8/9/2016</subfield>
            </datafield>
      </record>
    </metadata>
  </record>