
   <record> 
    <header>
      <identifier>oai:cat.libraries.psu.edu:18158526</identifier> 
      <datestamp>2022-12-16</datestamp>
      <setSpec>BOOK</setSpec> 
    </header>
    <metadata>
      <record xmlns="http://www.loc.gov/MARC21/slim" xsi:schemaLocation="http://www.loc.gov/MARC21/slim http://www.loc.gov/standards/marcxml/schema/MARC21slim.xsd" type="Bibliographic">
         <leader>     cam  22      i 4500</leader>
         <controlfield tag="008">151117s2016    nyua     b    001 0 eng  </controlfield>
            <datafield tag="010" ind1=" " ind2=" ">
               <subfield code="a">  2015044390</subfield>
            </datafield>
            <datafield tag="020" ind1=" " ind2=" ">
               <subfield code="a">9780199927975</subfield>
               <subfield code="q">(cloth : alk. paper)</subfield>
            </datafield>
            <datafield tag="020" ind1=" " ind2=" ">
               <subfield code="a">0199927979</subfield>
               <subfield code="q">(cloth : alk. paper)</subfield>
            </datafield>
            <datafield tag="035" ind1=" " ind2=" ">
               <subfield code="a">(OCoLC)939243524</subfield>
            </datafield>
            <datafield tag="050" ind1="0" ind2="0">
               <subfield code="a">BR517</subfield>
               <subfield code="b">.G74 2016</subfield>
            </datafield>
            <datafield tag="082" ind1="0" ind2="0">
               <subfield code="a">261.8/50973</subfield>
               <subfield code="2">23</subfield>
            </datafield>
            <datafield tag="100" ind1="1" ind2=" ">
               <subfield code="a">Grem, Darren E.</subfield>
               <subfield code="e">author.</subfield>
            </datafield>
            <datafield tag="245" ind1="1" ind2="4">
               <subfield code="a">The blessings of business :</subfield>
               <subfield code="b">how corporations shaped conservative Christianity /</subfield>
               <subfield code="c">Darren E. Grem.</subfield>
            </datafield>
            <datafield tag="264" ind1=" " ind2="1">
               <subfield code="a">New York :</subfield>
               <subfield code="b">Oxford University Press,</subfield>
               <subfield code="c">[2016]</subfield>
            </datafield>
            <datafield tag="300" ind1=" " ind2=" ">
               <subfield code="a">xiii, 282 pages :</subfield>
               <subfield code="b">illustrations ;</subfield>
               <subfield code="c">25 cm</subfield>
            </datafield>
            <datafield tag="500" ind1=" " ind2=" ">
               <subfield code="a">Includes index.</subfield>
            </datafield>
            <datafield tag="504" ind1=" " ind2=" ">
               <subfield code="a">Includes bibliographical references and index.</subfield>
            </datafield>
            <datafield tag="505" ind1="0" ind2=" ">
               <subfield code="a">How big businessmen shaped conservative evangelicalism -- Fundamentalist fronts: Herbert Taylor, businessmen, and the revival of conservative evangelicalism -- Corporate convictions: Billy Graham, big business, and the new evangelicalism -- Corporate crusades: markets, missions, and R.G. Letourneau's cold war -- How conservative evangelicalism became big business -- Marketplace missions: Chick-Fil-a and the evangelical business sector -- Culture industries: heritage USA and the corporatization of evangelical culture -- Free market faith: Zig Ziglar and the business of evangelical culture war.</subfield>
            </datafield>
            <datafield tag="650" ind1=" " ind2="0">
               <subfield code="a">Business</subfield>
               <subfield code="x">Religious aspects</subfield>
               <subfield code="x">Christianity.</subfield>
            </datafield>
            <datafield tag="650" ind1=" " ind2="0">
               <subfield code="a">Conservatism</subfield>
               <subfield code="x">Religious aspects</subfield>
               <subfield code="x">Christianity.</subfield>
            </datafield>
            <datafield tag="650" ind1=" " ind2="0">
               <subfield code="a">Conservatism</subfield>
               <subfield code="z">United States</subfield>
               <subfield code="x">History</subfield>
               <subfield code="y">20th century.</subfield>
            </datafield>
            <datafield tag="650" ind1=" " ind2="0">
               <subfield code="a">Evangelicalism</subfield>
               <subfield code="z">United States</subfield>
               <subfield code="x">History</subfield>
               <subfield code="y">20th century.</subfield>
            </datafield>
            <datafield tag="650" ind1=" " ind2="7">
               <subfield code="a">Business</subfield>
               <subfield code="x">Religious aspects</subfield>
               <subfield code="x">Christianity.</subfield>
               <subfield code="2">fast</subfield>
               <subfield code="0">(OCoLC)fst00842365</subfield>
            </datafield>
            <datafield tag="650" ind1=" " ind2="7">
               <subfield code="a">Conservatism.</subfield>
               <subfield code="2">fast</subfield>
               <subfield code="0">(OCoLC)fst00875582</subfield>
            </datafield>
            <datafield tag="650" ind1=" " ind2="7">
               <subfield code="a">Conservatism</subfield>
               <subfield code="x">Religious aspects</subfield>
               <subfield code="x">Christianity.</subfield>
               <subfield code="2">fast</subfield>
               <subfield code="0">(OCoLC)fst00875598</subfield>
            </datafield>
            <datafield tag="650" ind1=" " ind2="7">
               <subfield code="a">Evangelicalism.</subfield>
               <subfield code="2">fast</subfield>
               <subfield code="0">(OCoLC)fst00917002</subfield>
            </datafield>
            <datafield tag="651" ind1=" " ind2="0">
               <subfield code="a">United States</subfield>
               <subfield code="x">Church history</subfield>
               <subfield code="y">20th century.</subfield>
            </datafield>
            <datafield tag="651" ind1=" " ind2="7">
               <subfield code="a">United States.</subfield>
               <subfield code="2">fast</subfield>
               <subfield code="0">(OCoLC)fst01204155</subfield>
            </datafield>
            <datafield tag="655" ind1=" " ind2="7">
               <subfield code="a">Church history.</subfield>
               <subfield code="2">fast</subfield>
               <subfield code="0">(OCoLC)fst01411629</subfield>
            </datafield>
            <datafield tag="655" ind1=" " ind2="7">
               <subfield code="a">History.</subfield>
               <subfield code="2">fast</subfield>
               <subfield code="0">(OCoLC)fst01411628</subfield>
            </datafield>
            <datafield tag="999" ind1=" " ind2=" ">
               <subfield code="a">BR517.G74 2016</subfield>
               <subfield code="w">LC</subfield>
               <subfield code="c">1</subfield>
               <subfield code="i">000078510210</subfield>
               <subfield code="d">11/8/2016</subfield>
               <subfield code="e">8/24/2016</subfield>
               <subfield code="l">PATTEE-BA</subfield>
               <subfield code="m">UP-PAT</subfield>
               <subfield code="r">Y</subfield>
               <subfield code="s">Y</subfield>
               <subfield code="t">BOOK</subfield>
               <subfield code="u">8/9/2016</subfield>
            </datafield>
      </record>
    </metadata>
  </record>