
   <record> 
    <header>
      <identifier>oai:cat.libraries.psu.edu:18158528</identifier> 
      <datestamp>2022-12-16</datestamp>
      <setSpec>BOOK</setSpec> 
    </header>
    <metadata>
      <record xmlns="http://www.loc.gov/MARC21/slim" xsi:schemaLocation="http://www.loc.gov/MARC21/slim http://www.loc.gov/standards/marcxml/schema/MARC21slim.xsd" type="Bibliographic">
         <leader>     cam  22      i 4500</leader>
         <controlfield tag="008">160209t20162016bcca     b    001 0 eng  </controlfield>
            <datafield tag="020" ind1=" " ind2=" ">
               <subfield code="a">9780774831833</subfield>
               <subfield code="q">(hardback)</subfield>
            </datafield>
            <datafield tag="020" ind1=" " ind2=" ">
               <subfield code="a">0774831839</subfield>
               <subfield code="q">(hardback)</subfield>
            </datafield>
            <datafield tag="050" ind1=" " ind2="4">
               <subfield code="a">E78.C2</subfield>
               <subfield code="b">S26 2016</subfield>
            </datafield>
            <datafield tag="082" ind1="0" ind2="4">
               <subfield code="a">305.897/071</subfield>
               <subfield code="2">23</subfield>
            </datafield>
            <datafield tag="100" ind1="1" ind2=" ">
               <subfield code="a">Sangster, Joan,</subfield>
               <subfield code="d">1952-</subfield>
               <subfield code="e">author.</subfield>
            </datafield>
            <datafield tag="245" ind1="1" ind2="4">
               <subfield code="a">The iconic north :</subfield>
               <subfield code="b">cultural constructions of Aboriginal life in postwar Canada /</subfield>
               <subfield code="c">Joan Sangster.</subfield>
            </datafield>
            <datafield tag="264" ind1=" " ind2="1">
               <subfield code="a">Vancouver ;</subfield>
               <subfield code="a">Toronto :</subfield>
               <subfield code="b">UBC Press,</subfield>
               <subfield code="c">[2016]</subfield>
            </datafield>
            <datafield tag="264" ind1=" " ind2="4">
               <subfield code="c">©2016</subfield>
            </datafield>
            <datafield tag="300" ind1=" " ind2=" ">
               <subfield code="a">viii, 391 pages :</subfield>
               <subfield code="b">illustrations ;</subfield>
               <subfield code="c">24 cm</subfield>
            </datafield>
            <datafield tag="504" ind1=" " ind2=" ">
               <subfield code="a">Includes bibliographical references (pages 353-377) and index.</subfield>
            </datafield>
            <datafield tag="505" ind1="0" ind2=" ">
               <subfield code="a">Machine generated contents note: 1.Narrating the North: Sojourning Women and Travel Writing -- 2.The Beaver: Northern Indigenous Life in Popular Education -- 3.North of Schamattawa: &quot;Indians,&quot; &quot;Eskimos,&quot; and RCMP -- 4.NFB Documentary, Indigenous Peoples, and Canadian Northern Policy -- 5.Irene Baird's Northern Journeys -- 6.&quot;Mrs. Bird Flies North&quot;: The Royal Commission on the Status of Women in the North.</subfield>
            </datafield>
            <datafield tag="520" ind1=" " ind2=" ">
               <subfield code="a">&quot;From 19th century exploration narratives to twentieth century screenings of Nanook of the North, Canada's far North has always commanded a strong fascination, tinged with romanticism and exoticism, for non-Aboriginal peoples. Contact Zones explores a range of Canadian textual and visual depictions of northern Aboriginal life, gender and family relations in the post-World War II period, asking how and why certain images and understandings of Aboriginal life came to dominate, while others were marginalized or suppressed. A critical analysis of the dominant and competing ideological assumptions about northern Aboriginal peoples that circulated through Canadian culture is particularly important for the post-World War II period, as the far North was increasingly occupied by Euro-Canadians, targeted as frontier of economic development, and Aboriginal lives were managed far more intensely by the state than ever before. Images of the Indigenous North were also integral to nation-building efforts which attempted to integrate Aboriginal peoples into an expanded version of Canadian history and citizenship, though still on terms that were ultimately racialized, gendered, and colonial. The resilient and changing constructions of Northern Aboriginal life are explored in Contact Zones through an analysis of television and documentary film, as well as textual sources such as women's travel narratives, popular anthropology and history, fictional writing, and northern testimony from the Royal Commission on the Status of Women. Grounded in archival and documentary research, and informed by interdisciplinary writing on culture, Contact Zones argues that these forms of cultural production must be seen as both instruments and reflections of colonial consolidation. Images of the Aboriginal North tell us more about the viewer than the viewed, yet they still illuminate how the evolving relations of colonial encounter were understood, rationalized, and legitimized. Moreover, the cultural politics of the postwar period left an important legacy for the present, and thus continue to have an impact on Aboriginal lives in the North.&quot;--</subfield>
               <subfield code="c">Provided by publisher.</subfield>
            </datafield>
            <datafield tag="530" ind1=" " ind2=" ">
               <subfield code="a">Issued also in electronic format.</subfield>
            </datafield>
            <datafield tag="650" ind1=" " ind2="0">
               <subfield code="a">Indians in popular culture</subfield>
               <subfield code="z">Canada.</subfield>
            </datafield>
            <datafield tag="650" ind1=" " ind2="0">
               <subfield code="a">Popular culture</subfield>
               <subfield code="z">Canada.</subfield>
            </datafield>
            <datafield tag="650" ind1=" " ind2="5">
               <subfield code="a">Indigenous peoples</subfield>
               <subfield code="x">Colonization</subfield>
               <subfield code="z">Canada.</subfield>
            </datafield>
            <datafield tag="650" ind1=" " ind2="5">
               <subfield code="a">Native peoples</subfield>
               <subfield code="z">Canada</subfield>
               <subfield code="x">Social life and customs.</subfield>
            </datafield>
            <datafield tag="650" ind1=" " ind2="5">
               <subfield code="a">Native peoples</subfield>
               <subfield code="z">Canada</subfield>
               <subfield code="x">Government relations.</subfield>
            </datafield>
            <datafield tag="650" ind1=" " ind2="7">
               <subfield code="a">Indians in popular culture.</subfield>
               <subfield code="2">fast</subfield>
               <subfield code="0">(OCoLC)fst00969425</subfield>
            </datafield>
            <datafield tag="650" ind1=" " ind2="7">
               <subfield code="a">Popular culture.</subfield>
               <subfield code="2">fast</subfield>
               <subfield code="0">(OCoLC)fst01071344</subfield>
            </datafield>
            <datafield tag="651" ind1=" " ind2="7">
               <subfield code="a">Canada.</subfield>
               <subfield code="2">fast</subfield>
               <subfield code="0">(OCoLC)fst01204310</subfield>
            </datafield>
            <datafield tag="776" ind1="1" ind2=" ">
               <subfield code="a">Sangster, Joan, 1952-, author.</subfield>
               <subfield code="t">Iconic north.</subfield>
               <subfield code="w">(CaOONL)20169008193</subfield>
            </datafield>
            <datafield tag="999" ind1=" " ind2=" ">
               <subfield code="a">E78.C2S26 2016</subfield>
               <subfield code="w">LC</subfield>
               <subfield code="c">1</subfield>
               <subfield code="i">000079030274</subfield>
               <subfield code="d">11/8/2016</subfield>
               <subfield code="e">8/23/2016</subfield>
               <subfield code="l">PATTEE-1A</subfield>
               <subfield code="m">UP-PAT</subfield>
               <subfield code="r">Y</subfield>
               <subfield code="s">Y</subfield>
               <subfield code="t">BOOK</subfield>
               <subfield code="u">8/9/2016</subfield>
            </datafield>
      </record>
    </metadata>
  </record>