
   <record> 
    <header>
      <identifier>oai:cat.libraries.psu.edu:18158529</identifier> 
      <datestamp>2022-12-16</datestamp>
      <setSpec>BOOK</setSpec> 
    </header>
    <metadata>
      <record xmlns="http://www.loc.gov/MARC21/slim" xsi:schemaLocation="http://www.loc.gov/MARC21/slim http://www.loc.gov/standards/marcxml/schema/MARC21slim.xsd" type="Bibliographic">
         <leader>     nam  22      a 4500</leader>
         <controlfield tag="008">160223s2016    njuab    b    001 0 eng c</controlfield>
            <datafield tag="010" ind1=" " ind2=" ">
               <subfield code="a">  2016009056</subfield>
            </datafield>
            <datafield tag="020" ind1=" " ind2=" ">
               <subfield code="a">9781569024461</subfield>
               <subfield code="q">(hardcover</subfield>
               <subfield code="q">alkaline paper)</subfield>
            </datafield>
            <datafield tag="020" ind1=" " ind2=" ">
               <subfield code="a">1569024464</subfield>
               <subfield code="q">(hardcover</subfield>
               <subfield code="q">alkaline paper)</subfield>
            </datafield>
            <datafield tag="020" ind1=" " ind2=" ">
               <subfield code="a">9781569024478</subfield>
               <subfield code="q">(pb ;</subfield>
               <subfield code="q">alk. paper)</subfield>
            </datafield>
            <datafield tag="020" ind1=" " ind2=" ">
               <subfield code="a">1569024472</subfield>
               <subfield code="q">(pb ;</subfield>
               <subfield code="q">alk. paper)</subfield>
            </datafield>
            <datafield tag="024" ind1="8" ind2=" ">
               <subfield code="a">40026200627</subfield>
            </datafield>
            <datafield tag="035" ind1=" " ind2=" ">
               <subfield code="a">(OCoLC)941583393</subfield>
            </datafield>
            <datafield tag="050" ind1="0" ind2="0">
               <subfield code="a">DT448.25.K55</subfield>
               <subfield code="b">N935 2016</subfield>
            </datafield>
            <datafield tag="082" ind1="0" ind2="4">
               <subfield code="a">967.82044092</subfield>
               <subfield code="2">23</subfield>
            </datafield>
            <datafield tag="100" ind1="1" ind2=" ">
               <subfield code="a">Nyang'oro, Julius E.</subfield>
               <subfield code="q">(Julius Edo),</subfield>
               <subfield code="e">author.</subfield>
               <subfield code="0">http://id.loc.gov/authorities/names/n85035978</subfield>
            </datafield>
            <datafield tag="245" ind1="1" ind2="0">
               <subfield code="a">Politics and public policy in Tanzania :</subfield>
               <subfield code="b">the JK legacy /</subfield>
               <subfield code="c">Julius E. Nyang'oro.</subfield>
            </datafield>
            <datafield tag="264" ind1=" " ind2="1">
               <subfield code="a">Trenton, New Jersey :</subfield>
               <subfield code="b">Africa World Press,</subfield>
               <subfield code="c">[2016]</subfield>
            </datafield>
            <datafield tag="300" ind1=" " ind2=" ">
               <subfield code="a">xlv, 160 pages :</subfield>
               <subfield code="b">color iilustrations, maps ;</subfield>
               <subfield code="c">23 cm</subfield>
            </datafield>
            <datafield tag="504" ind1=" " ind2=" ">
               <subfield code="a">Includes bibliographical references and index.</subfield>
            </datafield>
            <datafield tag="505" ind1="0" ind2=" ">
               <subfield code="a">The 2010 election and its aftermath -- &quot;Muafaka&quot; and the politics of unity in Tanzania -- Economic transformation -- Constitutional reform under JK: The unfinished business -- International relations -- Conclusion and reflections.</subfield>
            </datafield>
            <datafield tag="600" ind1="1" ind2="0">
               <subfield code="a">Kikwete, Jakaya Khalfan Mrisho,</subfield>
               <subfield code="d">1950-</subfield>
               <subfield code="0">http://id.loc.gov/authorities/names/n2006200393</subfield>
            </datafield>
            <datafield tag="600" ind1="1" ind2="7">
               <subfield code="a">Kikwete, Jakaya Khalfan Mrisho,</subfield>
               <subfield code="d">1950-</subfield>
               <subfield code="2">fast</subfield>
               <subfield code="0">(OCoLC)fst01645809</subfield>
            </datafield>
            <datafield tag="650" ind1=" " ind2="0">
               <subfield code="a">Presidents</subfield>
               <subfield code="z">Tanzania</subfield>
               <subfield code="y">21st century.</subfield>
            </datafield>
            <datafield tag="650" ind1=" " ind2="7">
               <subfield code="a">Presidents.</subfield>
               <subfield code="2">fast</subfield>
               <subfield code="0">(OCoLC)fst01075723</subfield>
            </datafield>
            <datafield tag="650" ind1=" " ind2="7">
               <subfield code="a">Politics and government.</subfield>
               <subfield code="2">fast</subfield>
               <subfield code="0">(OCoLC)fst01919741</subfield>
            </datafield>
            <datafield tag="651" ind1=" " ind2="0">
               <subfield code="a">Tanzania</subfield>
               <subfield code="x">Politics and government</subfield>
               <subfield code="y">21st century.</subfield>
            </datafield>
            <datafield tag="651" ind1=" " ind2="7">
               <subfield code="a">Tanzania.</subfield>
               <subfield code="2">fast</subfield>
               <subfield code="0">(OCoLC)fst01210143</subfield>
            </datafield>
            <datafield tag="999" ind1=" " ind2=" ">
               <subfield code="a">DT448.25.K55N935 2016</subfield>
               <subfield code="w">LC</subfield>
               <subfield code="c">1</subfield>
               <subfield code="i">000078510104</subfield>
               <subfield code="d">12/1/2016</subfield>
               <subfield code="e">9/20/2016</subfield>
               <subfield code="l">PATTEE-1</subfield>
               <subfield code="m">UP-PAT</subfield>
               <subfield code="r">Y</subfield>
               <subfield code="s">Y</subfield>
               <subfield code="t">BOOK</subfield>
               <subfield code="u">8/9/2016</subfield>
            </datafield>
      </record>
    </metadata>
  </record>