
   <record> 
    <header>
      <identifier>oai:cat.libraries.psu.edu:18158530</identifier> 
      <datestamp>2022-12-16</datestamp>
      <setSpec>BOOK</setSpec> 
    </header>
    <metadata>
      <record xmlns="http://www.loc.gov/MARC21/slim" xsi:schemaLocation="http://www.loc.gov/MARC21/slim http://www.loc.gov/standards/marcxml/schema/MARC21slim.xsd" type="Bibliographic">
         <leader>     cam  22      i 4500</leader>
         <controlfield tag="008">160322s2016    nyua     b    001 0 eng  </controlfield>
            <datafield tag="010" ind1=" " ind2=" ">
               <subfield code="a">  2016004245</subfield>
            </datafield>
            <datafield tag="020" ind1=" " ind2=" ">
               <subfield code="a">9780807757604</subfield>
               <subfield code="q">paperback</subfield>
            </datafield>
            <datafield tag="020" ind1=" " ind2=" ">
               <subfield code="a">0807757608</subfield>
               <subfield code="q">paperback</subfield>
            </datafield>
            <datafield tag="020" ind1=" " ind2=" ">
               <subfield code="a">9780807757611</subfield>
               <subfield code="q">hardcover</subfield>
            </datafield>
            <datafield tag="020" ind1=" " ind2=" ">
               <subfield code="a">0807757616</subfield>
               <subfield code="q">hardcover</subfield>
            </datafield>
            <datafield tag="050" ind1="0" ind2="0">
               <subfield code="a">LB1576</subfield>
               <subfield code="b">.R48 2016</subfield>
            </datafield>
            <datafield tag="082" ind1="0" ind2="0">
               <subfield code="a">372.6/2</subfield>
               <subfield code="2">23</subfield>
            </datafield>
            <datafield tag="100" ind1="1" ind2=" ">
               <subfield code="a">Reutzel, D. Ray</subfield>
               <subfield code="q">(Douglas Ray),</subfield>
               <subfield code="d">1953-</subfield>
               <subfield code="e">author.</subfield>
            </datafield>
            <datafield tag="245" ind1="1" ind2="0">
               <subfield code="a">Young meaning makers :</subfield>
               <subfield code="b">teaching comprehension, grades K-2 /</subfield>
               <subfield code="c">D. Ray Reutzel, Sarah K. Clark, Cindy D. Jones, Sandra L. Gillam ; foreword by P. David Pearson.</subfield>
            </datafield>
            <datafield tag="264" ind1=" " ind2="1">
               <subfield code="a">New York, NY :</subfield>
               <subfield code="b">Teachers College Press,</subfield>
               <subfield code="c">[2016]</subfield>
            </datafield>
            <datafield tag="300" ind1=" " ind2=" ">
               <subfield code="a">xiv, 150 pages ;</subfield>
               <subfield code="c">23 cm.</subfield>
            </datafield>
            <datafield tag="490" ind1="1" ind2=" ">
               <subfield code="a">The common core state standards in literacy series</subfield>
            </datafield>
            <datafield tag="504" ind1=" " ind2=" ">
               <subfield code="a">Includes bibliographical references and index.</subfield>
            </datafield>
            <datafield tag="505" ind1="0" ind2=" ">
               <subfield code="a">Machine generated contents note: 1.Comprehension Instruction: The Importance of Theory -- Chapter Overview -- Brief Overview of the Common Core Reading Standards: Structure and Content -- The Construction-Integration Model of Text Comprehension -- Four Reasons to Switch to the CI Model of Text Comprehension -- What Will Changes Look Like? -- Connecting CI Comprehension Instruction and Reading Standards -- Comprehension: A Classroom Illustration -- 2.Building Oral Language to Support Reading Comprehension -- Chapter Overview -- Setting the Stage for Oral Language Instruction to Support Comprehension -- How Do We Facilitate Use of Higher Level Syntactic Structures? -- Oral Language Lessons for Speaking and Listening Standards -- Strengthening Oral Language Skills: A Focus on the Microstructure in the Kindergarten Classroom -- The Benefits of Using Kintsch's CI Model and CCSS to Teach Oral Language -- 3.Designing Instruction to Teach Literature Comprehension -- Chapter Overview -- Setting the Stage for Comprehension Instruction with Literature -- Sample Comprehension Lessons for Teaching Reading Standards for Literature -- Constructing Knowledge with Text: A Focus on the Microstructure -- Constructing Knowledge with Text: A Focus on the Macrostructure -- Integrating Text Knowledge with Background Knowledge: Building a Situation Model -- The Benefits of the CI Model for Standards Based Literature Instruction -- 4.Designing Instruction to Teach Informational Text -- Chapter Overview -- Setting the Stage for Comprehension Instruction of Informational Texts -- Teaching CCSS Reading Standards for Informational Text -- Integrating Text Knowledge with Background Knowledge -- The Benefits of Using the CI Model and Standards to Teach Informational Text Comprehension -- 5.Comprehension Assessment -- Chapter Overview -- Assessment of CCSS Reading Standards for Comprehension -- Designing a Formative Comprehension Assessment Plan for Grades K-2 -- Formative Assessment Tasks That Link CI Text-Processing Levels and Anchor Standards -- Assessing Mastery of the Anchor Standards: A Classroom Illustration -- Adapting Comprehension Instruction Using Data from Formative Assessments.</subfield>
            </datafield>
            <datafield tag="650" ind1=" " ind2="0">
               <subfield code="a">Language arts (Elementary)</subfield>
               <subfield code="z">United States.</subfield>
            </datafield>
            <datafield tag="650" ind1=" " ind2="0">
               <subfield code="a">Language arts (Elementary)</subfield>
               <subfield code="x">Standards</subfield>
               <subfield code="z">United States.</subfield>
            </datafield>
            <datafield tag="650" ind1=" " ind2="0">
               <subfield code="a">Common Core State Standards (Education)</subfield>
            </datafield>
            <datafield tag="650" ind1=" " ind2="7">
               <subfield code="a">Common Core State Standards (Education)</subfield>
               <subfield code="2">fast</subfield>
               <subfield code="0">(OCoLC)fst01919343</subfield>
            </datafield>
            <datafield tag="650" ind1=" " ind2="7">
               <subfield code="a">Language arts (Elementary)</subfield>
               <subfield code="2">fast</subfield>
               <subfield code="0">(OCoLC)fst00992313</subfield>
            </datafield>
            <datafield tag="650" ind1=" " ind2="7">
               <subfield code="a">Language arts (Elementary)</subfield>
               <subfield code="x">Standards.</subfield>
               <subfield code="2">fast</subfield>
               <subfield code="0">(OCoLC)fst00992324</subfield>
            </datafield>
            <datafield tag="651" ind1=" " ind2="7">
               <subfield code="a">United States.</subfield>
               <subfield code="2">fast</subfield>
               <subfield code="0">(OCoLC)fst01204155</subfield>
            </datafield>
            <datafield tag="776" ind1="0" ind2="8">
               <subfield code="i">Online version:</subfield>
               <subfield code="a">Reutzel, D. Ray (Douglas Ray), 1953-, author</subfield>
               <subfield code="t">Young meaning makers</subfield>
               <subfield code="d">New York, NY : Teachers College Press, 2016</subfield>
               <subfield code="z">9780807774731</subfield>
               <subfield code="w">(DLC)  2016016278</subfield>
            </datafield>
            <datafield tag="830" ind1=" " ind2="0">
               <subfield code="a">Common core state standards for literacy series.</subfield>
            </datafield>
            <datafield tag="999" ind1=" " ind2=" ">
               <subfield code="a">LB1576.R48 2016</subfield>
               <subfield code="w">LC</subfield>
               <subfield code="c">1</subfield>
               <subfield code="i">000079030847</subfield>
               <subfield code="d">10/10/2016</subfield>
               <subfield code="e">8/23/2016</subfield>
               <subfield code="l">PATERNO-3</subfield>
               <subfield code="m">UP-PAT</subfield>
               <subfield code="r">Y</subfield>
               <subfield code="s">Y</subfield>
               <subfield code="t">BOOK</subfield>
               <subfield code="u">8/9/2016</subfield>
            </datafield>
      </record>
    </metadata>
  </record>