
   <record> 
    <header>
      <identifier>oai:cat.libraries.psu.edu:18158531</identifier> 
      <datestamp>2022-12-16</datestamp>
      <setSpec>BOOK</setSpec> 
    </header>
    <metadata>
      <record xmlns="http://www.loc.gov/MARC21/slim" xsi:schemaLocation="http://www.loc.gov/MARC21/slim http://www.loc.gov/standards/marcxml/schema/MARC21slim.xsd" type="Bibliographic">
         <leader>     cam  22      i 4500</leader>
         <controlfield tag="008">160225s2016    miu      b    001 0 eng  </controlfield>
            <datafield tag="010" ind1=" " ind2=" ">
               <subfield code="a">  2016007367</subfield>
            </datafield>
            <datafield tag="020" ind1=" " ind2=" ">
               <subfield code="a">9780802873057 (pbk. : alk. paper)</subfield>
            </datafield>
            <datafield tag="020" ind1=" " ind2=" ">
               <subfield code="a">0802873057 (pbk. : alk. paper)</subfield>
            </datafield>
            <datafield tag="050" ind1="0" ind2="0">
               <subfield code="a">B2799.R4</subfield>
               <subfield code="b">I57 2016</subfield>
            </datafield>
            <datafield tag="082" ind1="0" ind2="0">
               <subfield code="a">230.092</subfield>
               <subfield code="2">23</subfield>
            </datafield>
            <datafield tag="100" ind1="1" ind2=" ">
               <subfield code="a">Insole, Christopher J.</subfield>
               <subfield code="e">author.</subfield>
            </datafield>
            <datafield tag="245" ind1="1" ind2="4">
               <subfield code="a">The intolerable God :</subfield>
               <subfield code="b">Kant's theological journey /</subfield>
               <subfield code="c">Christopher J. Insole.</subfield>
            </datafield>
            <datafield tag="264" ind1=" " ind2="1">
               <subfield code="a">Grand Rapids, Michighan :</subfield>
               <subfield code="b">William B. Eerdmans Publishing Company,</subfield>
               <subfield code="c">2016.</subfield>
            </datafield>
            <datafield tag="300" ind1=" " ind2=" ">
               <subfield code="a">x, 176 pages ;</subfield>
               <subfield code="c">23 cm</subfield>
            </datafield>
            <datafield tag="504" ind1=" " ind2=" ">
               <subfield code="a">Includes bibliographical references and index.</subfield>
            </datafield>
            <datafield tag="505" ind1="0" ind2=" ">
               <subfield code="a">I am from eternity to eternity: God in Kant's early thought -- Whence then am I?: God in Kant's later thought -- Kant's only unsolvable metaphysical difficulty: created freedom -- Creating freedom: Kant's theological solution -- Interpreting Kant: three objections -- The dancer and the dance: divine action, human freedom -- Becoming divine: autonomy and the beatific vision.</subfield>
            </datafield>
            <datafield tag="600" ind1="1" ind2="0">
               <subfield code="a">Kant, Immanuel,</subfield>
               <subfield code="d">1724-1804</subfield>
               <subfield code="x">Religion.</subfield>
            </datafield>
            <datafield tag="600" ind1="1" ind2="7">
               <subfield code="a">Kant, Immanuel,</subfield>
               <subfield code="d">1724-1804</subfield>
               <subfield code="2">fast</subfield>
               <subfield code="0">(OCoLC)fst00031763</subfield>
            </datafield>
            <datafield tag="650" ind1=" " ind2="7">
               <subfield code="a">Religion.</subfield>
               <subfield code="2">fast</subfield>
               <subfield code="0">(OCoLC)fst01093763</subfield>
            </datafield>
            <datafield tag="999" ind1=" " ind2=" ">
               <subfield code="a">B2799.R4I57 2016</subfield>
               <subfield code="w">LC</subfield>
               <subfield code="c">1</subfield>
               <subfield code="i">000079030878</subfield>
               <subfield code="d">10/11/2016</subfield>
               <subfield code="e">8/23/2016</subfield>
               <subfield code="l">PATTEE-BA</subfield>
               <subfield code="m">UP-PAT</subfield>
               <subfield code="q">1</subfield>
               <subfield code="r">Y</subfield>
               <subfield code="s">Y</subfield>
               <subfield code="t">BOOK</subfield>
               <subfield code="u">8/9/2016</subfield>
            </datafield>
      </record>
    </metadata>
  </record>