
   <record> 
    <header>
      <identifier>oai:cat.libraries.psu.edu:18158533</identifier> 
      <datestamp>2022-12-16</datestamp>
      <setSpec>BOOK</setSpec> 
    </header>
    <metadata>
      <record xmlns="http://www.loc.gov/MARC21/slim" xsi:schemaLocation="http://www.loc.gov/MARC21/slim http://www.loc.gov/standards/marcxml/schema/MARC21slim.xsd" type="Bibliographic">
         <leader>     cam  22      i 4500</leader>
         <controlfield tag="008">160223t20162016enka     b    001 0 eng  </controlfield>
            <datafield tag="010" ind1=" " ind2=" ">
               <subfield code="a">  2015045590</subfield>
            </datafield>
            <datafield tag="020" ind1=" " ind2=" ">
               <subfield code="a">9781472450166</subfield>
               <subfield code="q">(hardcover ;</subfield>
               <subfield code="q">alkaline paper)</subfield>
            </datafield>
            <datafield tag="020" ind1=" " ind2=" ">
               <subfield code="a">1472450167</subfield>
               <subfield code="q">(hardcover ;</subfield>
               <subfield code="q">alkaline paper)</subfield>
            </datafield>
            <datafield tag="020" ind1=" " ind2=" ">
               <subfield code="z">9781315610184</subfield>
               <subfield code="q">(ebk)</subfield>
            </datafield>
            <datafield tag="035" ind1=" " ind2=" ">
               <subfield code="a">(OCoLC)938994926</subfield>
            </datafield>
            <datafield tag="050" ind1="0" ind2="0">
               <subfield code="a">DE94</subfield>
               <subfield code="b">.S66 2016</subfield>
            </datafield>
            <datafield tag="082" ind1="0" ind2="0">
               <subfield code="a">937/.09</subfield>
               <subfield code="2">23</subfield>
            </datafield>
            <datafield tag="245" ind1="0" ind2="0">
               <subfield code="a">Spaces in late antiquity :</subfield>
               <subfield code="b">cultural, theological and archaeological perspectives /</subfield>
               <subfield code="c">edited by Juliette Day, Raimo Hakola, Maijastina Kahlos and Ulla Tervahauta.</subfield>
            </datafield>
            <datafield tag="264" ind1=" " ind2="1">
               <subfield code="a">London ;</subfield>
               <subfield code="a">New York :</subfield>
               <subfield code="b">Routledge, Taylor &amp; Francis Group,</subfield>
               <subfield code="c">2016.</subfield>
            </datafield>
            <datafield tag="264" ind1=" " ind2="4">
               <subfield code="c">©2016</subfield>
            </datafield>
            <datafield tag="300" ind1=" " ind2=" ">
               <subfield code="a">xv, 242 pages :</subfield>
               <subfield code="b">illustrations ;</subfield>
               <subfield code="c">24 cm</subfield>
            </datafield>
            <datafield tag="504" ind1=" " ind2=" ">
               <subfield code="a">Includes bibliographical references (pages 212-237) and index.</subfield>
            </datafield>
            <datafield tag="505" ind1="0" ind2=" ">
               <subfield code="a">Introduction: spaces in late antiquity: cultural, theological and archaeological perspectives / Juliette Day, Raimo Hakola, Maijastina Kahlos and Ulla Tervahauta -- Part I. Cultural perspectives -- Meddling in the middle? : urban celebrations, ecclesiastical leaders and the Roman emperor in late antiquity / Maijastina Kahlos -- Classical culture, domestic space and imperial vision in the Cycle of Agathias / Steven D. Smith -- Monastic space : the ascetic between sacred and civil spheres in Theodoret of Cyrrhus / Andreas Westergren -- Part II. Theological perspectives -- Seeing Christ at the holy places / Juliette Day -- Sacred space, virginal consecration and symbolic power : a liturgical innovation and its implications in late ancient Christianity / David G. Hunter -- The city of God and the place of demons : city life and demonology in early Christianity / Joona Salminen -- Preaching, feasting and making space for a meaning / Anna-Liisa Tolonen -- Part III. Archaeological perspectives -- Galilean Jews and Christians in context : spaces shared and contested in the Eastern Galilee in late antiquity / Raimo Hakola -- Performing the sacred in a community building : observations from the 2010-2015 Kinneret Regional Project excavations in the Byzantine Synagogue of Horvat Kur (Galilee) / Jürgen Zangenberg -- Thrown into limekilns : the reuse of statuary and architecture in Galilee from late antiquity onwards / Rick Bonnie.</subfield>
            </datafield>
            <datafield tag="520" ind1="2" ind2=" ">
               <subfield code="a">&quot;Places and spaces are key factors in how individuals and groups construct their identities. Identity theories have emphasised that the construction of an identity follows abstract and universal processes but is also deeply rooted in specific historical, cultural, social and material environments. The essays in this volume explore how various groups in Late Antiquity rooted their identity in special places that were imbued with meanings derived from history and tradition. In Part I, essays explore the tension between the Classical heritage in public, especially urban spaces, in the form of ancient artwork and civic celebrations and the Church's appropriation of that space through doctrinal disputes and rival public performances. Parts II and III investigate how particular locations expressed, and formed, the theological and social identities of Christian and Jewish groups by bringing together fresh insights from the archaeological and textual evidence. Together the essays here demonstrate how the use and interpretation of shared spaces contributed to the self-identity of specific groups in Late Antiquity and in so doing issued challenges, and caused conflict, with other social and religious groups&quot;--Publisher's website.</subfield>
            </datafield>
            <datafield tag="650" ind1=" " ind2="0">
               <subfield code="a">Public spaces</subfield>
               <subfield code="x">History</subfield>
               <subfield code="y">To 1500.</subfield>
            </datafield>
            <datafield tag="650" ind1=" " ind2="0">
               <subfield code="a">Sacred space</subfield>
               <subfield code="x">History</subfield>
               <subfield code="y">To 1500.</subfield>
            </datafield>
            <datafield tag="650" ind1=" " ind2="0">
               <subfield code="a">Identity (Psychology)</subfield>
               <subfield code="x">History</subfield>
               <subfield code="y">To 1500.</subfield>
            </datafield>
            <datafield tag="650" ind1=" " ind2="0">
               <subfield code="a">Group identity</subfield>
               <subfield code="x">History</subfield>
               <subfield code="y">To 1500.</subfield>
            </datafield>
            <datafield tag="650" ind1=" " ind2="0">
               <subfield code="a">Identification (Religion)</subfield>
               <subfield code="x">History</subfield>
               <subfield code="y">To 1500.</subfield>
            </datafield>
            <datafield tag="650" ind1=" " ind2="0">
               <subfield code="a">Christianity and culture</subfield>
               <subfield code="x">History</subfield>
               <subfield code="y">To 1500.</subfield>
            </datafield>
            <datafield tag="650" ind1=" " ind2="0">
               <subfield code="a">Judaism and culture</subfield>
               <subfield code="x">History</subfield>
               <subfield code="y">To 1500.</subfield>
            </datafield>
            <datafield tag="650" ind1=" " ind2="7">
               <subfield code="a">Christianity and culture.</subfield>
               <subfield code="2">fast</subfield>
               <subfield code="0">(OCoLC)fst00859660</subfield>
            </datafield>
            <datafield tag="650" ind1=" " ind2="7">
               <subfield code="a">Group identity.</subfield>
               <subfield code="2">fast</subfield>
               <subfield code="0">(OCoLC)fst00948442</subfield>
            </datafield>
            <datafield tag="650" ind1=" " ind2="7">
               <subfield code="a">Identification (Religion)</subfield>
               <subfield code="2">fast</subfield>
               <subfield code="0">(OCoLC)fst00966872</subfield>
            </datafield>
            <datafield tag="650" ind1=" " ind2="7">
               <subfield code="a">Identity (Psychology)</subfield>
               <subfield code="2">fast</subfield>
               <subfield code="0">(OCoLC)fst00966892</subfield>
            </datafield>
            <datafield tag="650" ind1=" " ind2="7">
               <subfield code="a">Judaism and culture.</subfield>
               <subfield code="2">fast</subfield>
               <subfield code="0">(OCoLC)fst01742315</subfield>
            </datafield>
            <datafield tag="650" ind1=" " ind2="7">
               <subfield code="a">Public spaces.</subfield>
               <subfield code="2">fast</subfield>
               <subfield code="0">(OCoLC)fst01083049</subfield>
            </datafield>
            <datafield tag="650" ind1=" " ind2="7">
               <subfield code="a">Sacred space.</subfield>
               <subfield code="2">fast</subfield>
               <subfield code="0">(OCoLC)fst01103191</subfield>
            </datafield>
            <datafield tag="651" ind1=" " ind2="0">
               <subfield code="a">Mediterranean Region</subfield>
               <subfield code="x">History</subfield>
               <subfield code="y">476-1517.</subfield>
            </datafield>
            <datafield tag="651" ind1=" " ind2="0">
               <subfield code="a">Rome</subfield>
               <subfield code="x">History</subfield>
               <subfield code="y">Empire, 284-476.</subfield>
            </datafield>
            <datafield tag="651" ind1=" " ind2="0">
               <subfield code="a">Middle East</subfield>
               <subfield code="x">History</subfield>
               <subfield code="y">To 622.</subfield>
            </datafield>
            <datafield tag="651" ind1=" " ind2="7">
               <subfield code="a">Mediterranean Region.</subfield>
               <subfield code="2">fast</subfield>
               <subfield code="0">(OCoLC)fst01239752</subfield>
            </datafield>
            <datafield tag="651" ind1=" " ind2="7">
               <subfield code="a">Middle East.</subfield>
               <subfield code="2">fast</subfield>
               <subfield code="0">(OCoLC)fst01241586</subfield>
            </datafield>
            <datafield tag="651" ind1=" " ind2="7">
               <subfield code="a">Rome (Empire)</subfield>
               <subfield code="2">fast</subfield>
               <subfield code="0">(OCoLC)fst01204885</subfield>
            </datafield>
            <datafield tag="655" ind1=" " ind2="7">
               <subfield code="a">History.</subfield>
               <subfield code="2">fast</subfield>
               <subfield code="0">(OCoLC)fst01411628</subfield>
            </datafield>
            <datafield tag="700" ind1="1" ind2=" ">
               <subfield code="a">Day, Juliette,</subfield>
               <subfield code="e">editor.</subfield>
            </datafield>
            <datafield tag="700" ind1="1" ind2=" ">
               <subfield code="a">Hakola, Raimo,</subfield>
               <subfield code="e">editor.</subfield>
            </datafield>
            <datafield tag="700" ind1="1" ind2=" ">
               <subfield code="a">Kahlos, Maijastina,</subfield>
               <subfield code="e">editor.</subfield>
            </datafield>
            <datafield tag="700" ind1="1" ind2=" ">
               <subfield code="a">Tervahauta, Ulla,</subfield>
               <subfield code="e">editor.</subfield>
            </datafield>
            <datafield tag="999" ind1=" " ind2=" ">
               <subfield code="a">DE94.S66 2016</subfield>
               <subfield code="w">LC</subfield>
               <subfield code="c">1</subfield>
               <subfield code="i">000079030892</subfield>
               <subfield code="d">9/22/2022</subfield>
               <subfield code="e">9/22/2022</subfield>
               <subfield code="k">CHECKEDOUT</subfield>
               <subfield code="l">PATTEE-1</subfield>
               <subfield code="m">UP-PAT</subfield>
               <subfield code="n">3</subfield>
               <subfield code="r">M</subfield>
               <subfield code="s">Y</subfield>
               <subfield code="t">BOOK</subfield>
               <subfield code="u">8/9/2016</subfield>
            </datafield>
      </record>
    </metadata>
  </record>