
   <record> 
    <header>
      <identifier>oai:cat.libraries.psu.edu:18158534</identifier> 
      <datestamp>2022-12-16</datestamp>
      <setSpec>BOOK</setSpec> 
    </header>
    <metadata>
      <record xmlns="http://www.loc.gov/MARC21/slim" xsi:schemaLocation="http://www.loc.gov/MARC21/slim http://www.loc.gov/standards/marcxml/schema/MARC21slim.xsd" type="Bibliographic">
         <leader>     cam  22     Ii 4500</leader>
         <controlfield tag="008">160302s2016    nbuab    b    001 0 eng  </controlfield>
            <datafield tag="010" ind1=" " ind2=" ">
               <subfield code="a">  2016010580</subfield>
            </datafield>
            <datafield tag="020" ind1=" " ind2=" ">
               <subfield code="a">9780803288089</subfield>
               <subfield code="q">hardcover</subfield>
               <subfield code="q">alkaline paper</subfield>
            </datafield>
            <datafield tag="020" ind1=" " ind2=" ">
               <subfield code="a">0803288085</subfield>
               <subfield code="q">hardcover</subfield>
               <subfield code="q">alkaline paper</subfield>
            </datafield>
            <datafield tag="050" ind1="0" ind2="0">
               <subfield code="a">E99.T8</subfield>
               <subfield code="b">.M45 2016</subfield>
            </datafield>
            <datafield tag="082" ind1="0" ind2="0">
               <subfield code="a">971.1004/974128</subfield>
               <subfield code="2">23</subfield>
            </datafield>
            <datafield tag="100" ind1="1" ind2=" ">
               <subfield code="a">Menzies, Charles R.</subfield>
               <subfield code="e">author.</subfield>
            </datafield>
            <datafield tag="245" ind1="1" ind2="0">
               <subfield code="a">People of the saltwater :</subfield>
               <subfield code="b">an ethnography of git lax m'oon /</subfield>
               <subfield code="c">Charles R. Menzies.</subfield>
            </datafield>
            <datafield tag="246" ind1="3" ind2=" ">
               <subfield code="a">People of the saltwater, an ethnography of Gitxaała</subfield>
            </datafield>
            <datafield tag="246" ind1="3" ind2="0">
               <subfield code="a">Ethnography of git lax m'oon</subfield>
            </datafield>
            <datafield tag="264" ind1=" " ind2="1">
               <subfield code="a">Lincoln :</subfield>
               <subfield code="b">University of Nebraska Press,</subfield>
               <subfield code="c">[2016]</subfield>
            </datafield>
            <datafield tag="300" ind1=" " ind2=" ">
               <subfield code="a">ix, 179 pages ;</subfield>
               <subfield code="c">24 cm</subfield>
            </datafield>
            <datafield tag="504" ind1=" " ind2=" ">
               <subfield code="a">Includes bibliographical references and index.</subfield>
            </datafield>
            <datafield tag="505" ind1="0" ind2=" ">
               <subfield code="a">Machine generated contents note: Arriving Home -- Organization of the Book -- 1.Git lax m'oon: Gitxaala and the Names Anthropologists Have Given Us -- What's in a Name? -- Writing Gitxaala -- 2.Smgigyet: Real People and Governance -- Authority to Govern Rooted in Place -- Governance: The Classical Model -- Governance: In the Time of K'amksiwah -- Continuity amid Change -- 3.Laxyuup: The Land and Ocean Territories of Gitxaala -- Gitxaala Traditional Territories -- Colonialism, Reserves, and Understanding the Laxyuup -- The Land and Waters of the Gitxaala as Recorded by Beynon in 1916 -- Experiencing a Gitxaala Social Landscape -- Home -- 4.Adaawx: History and the Past -- A Theory of History -- Three Stories of Oral History Research -- Summary -- 5.Sihoon: Catching Fish -- Respect and Gitxaala Fisheries -- Gitxaala Fisheries in Historical Context -- Trade and Gitxaala Fisheries -- Gitxaala and the Contemporary Fishing Industry -- 6.Tskah, Xs'waanx: Herring, Herring Roe -- Historical Utilization -- Narrowing of Utilization -- Contemporary Utilization -- Summary -- 7.Bilhaa: Abalone -- Bilhaa Harvesting, Processing, and Use -- Adaawx, Ceremonial Practice, and Use of Bilhaa -- Contemporary Academic Accounts -- Contemporary Accounts of Long-standing Practice -- Shutting Down the Fishery -- Returning to a Sustainable Fishery -- 8.Hoon: Salmon -- Fishing at K'moda -- Streamscaping at Kxooyax -- Kxenk'aa'wen (Place of Special Trap) -- Laxyuup Gitxaala and the Cultivation of Salmon.</subfield>
            </datafield>
            <datafield tag="650" ind1=" " ind2="0">
               <subfield code="a">Tsimshian Indians</subfield>
               <subfield code="z">British Columbia</subfield>
               <subfield code="z">Prince Rupert Forest Region.</subfield>
            </datafield>
            <datafield tag="650" ind1=" " ind2="0">
               <subfield code="a">Tsimshian Indians</subfield>
               <subfield code="x">History.</subfield>
            </datafield>
            <datafield tag="650" ind1=" " ind2="0">
               <subfield code="a">Traditional fishing</subfield>
               <subfield code="z">British Columbia.</subfield>
            </datafield>
            <datafield tag="650" ind1=" " ind2="0">
               <subfield code="a">Tsimshian Indians</subfield>
               <subfield code="x">Politics and government.</subfield>
            </datafield>
            <datafield tag="776" ind1="0" ind2="8">
               <subfield code="i">Online version:</subfield>
               <subfield code="a">Menzies, Charles R., author.</subfield>
               <subfield code="t">People of the saltwater</subfield>
               <subfield code="d">Lincoln, NB : University of Nebraska Press, [2016]</subfield>
               <subfield code="z">9780803291706</subfield>
               <subfield code="w">(DLC)  2016010744</subfield>
            </datafield>
            <datafield tag="999" ind1=" " ind2=" ">
               <subfield code="a">E99.T8.M45 2016</subfield>
               <subfield code="w">LC</subfield>
               <subfield code="c">1</subfield>
               <subfield code="i">000078510357</subfield>
               <subfield code="d">11/8/2016</subfield>
               <subfield code="e">8/29/2016</subfield>
               <subfield code="l">PATTEE-1A</subfield>
               <subfield code="m">UP-PAT</subfield>
               <subfield code="r">Y</subfield>
               <subfield code="s">Y</subfield>
               <subfield code="t">BOOK</subfield>
               <subfield code="u">8/9/2016</subfield>
            </datafield>
      </record>
    </metadata>
  </record>