
   <record> 
    <header>
      <identifier>oai:cat.libraries.psu.edu:18158535</identifier> 
      <datestamp>2022-12-16</datestamp>
      <setSpec>BOOK</setSpec> 
    </header>
    <metadata>
      <record xmlns="http://www.loc.gov/MARC21/slim" xsi:schemaLocation="http://www.loc.gov/MARC21/slim http://www.loc.gov/standards/marcxml/schema/MARC21slim.xsd" type="Bibliographic">
         <leader>     cam  22      i 4500</leader>
         <controlfield tag="008">160203t20162016enka     b    000 0deng d</controlfield>
            <datafield tag="020" ind1=" " ind2=" ">
               <subfield code="a">9781844579150</subfield>
            </datafield>
            <datafield tag="020" ind1=" " ind2=" ">
               <subfield code="a">1844579158</subfield>
            </datafield>
            <datafield tag="035" ind1=" " ind2=" ">
               <subfield code="a">(OCoLC)943670031</subfield>
            </datafield>
            <datafield tag="050" ind1=" " ind2="4">
               <subfield code="a">PN1997.G4</subfield>
               <subfield code="b">K73 2016</subfield>
            </datafield>
            <datafield tag="082" ind1="0" ind2="4">
               <subfield code="a">791.43/72</subfield>
               <subfield code="2">23</subfield>
            </datafield>
            <datafield tag="100" ind1="1" ind2=" ">
               <subfield code="a">Krämer, Peter,</subfield>
               <subfield code="d">1961-</subfield>
               <subfield code="e">author.</subfield>
            </datafield>
            <datafield tag="245" ind1="1" ind2="4">
               <subfield code="a">The General /</subfield>
               <subfield code="c">Peter Krämer.</subfield>
            </datafield>
            <datafield tag="264" ind1=" " ind2="1">
               <subfield code="a">London :</subfield>
               <subfield code="b">Palgrave on behalf of the British Film Institute,</subfield>
               <subfield code="c">2016.</subfield>
            </datafield>
            <datafield tag="264" ind1=" " ind2="4">
               <subfield code="c">©2016</subfield>
            </datafield>
            <datafield tag="300" ind1=" " ind2=" ">
               <subfield code="a">112 pages :</subfield>
               <subfield code="b">illustrations ;</subfield>
               <subfield code="c">19 cm.</subfield>
            </datafield>
            <datafield tag="490" ind1="1" ind2=" ">
               <subfield code="a">BFI film classics</subfield>
            </datafield>
            <datafield tag="504" ind1=" " ind2=" ">
               <subfield code="a">Includes bibliographical references.</subfield>
            </datafield>
            <datafield tag="505" ind1="0" ind2=" ">
               <subfield code="a">Family affairs -- A trademark and profits -- The appeal of historical drama -- From book to film -- A film in six parts -- Love and war -- Style, spectacle and story.</subfield>
            </datafield>
            <datafield tag="520" ind1=" " ind2=" ">
               <subfield code="a">&quot;A meticulous recreation of a famous episode from the American Civil War, The General (1926) was co-written and directed by Buster Keaton, who also starred in it as a Southern locomotive engineer whose life is disrupted by the outbreak of hostilities. Strongly criticised by many reviewers in 1927, the film has since come to be recognised as one of the greatest achievements of American silent cinema. Drawing on a wide range of archival sources, Peter Krämer's study places The General in the context of Keaton's long career on stage and screen, and of Hollywood cinema in the 1920s. It explores how Keaton came to select and realise his most ambitious project, offering the first detailed comparison between the film and the book it was based upon, and also examines its marketing and financial performance. Krämer's systematic and detailed analysis of this story about love and war highlights the film's distinctive style and thematic concerns, revealing complexity in its apparently simple narrative and tragedy in its happy ending.&quot;--Page [4] of cover.</subfield>
            </datafield>
            <datafield tag="600" ind1="1" ind2="0">
               <subfield code="a">Keaton, Buster,</subfield>
               <subfield code="d">1895-1966.</subfield>
            </datafield>
            <datafield tag="600" ind1="1" ind2="7">
               <subfield code="a">Keaton, Buster,</subfield>
               <subfield code="d">1895-1966</subfield>
               <subfield code="2">fast</subfield>
               <subfield code="0">(OCoLC)fst00032430</subfield>
            </datafield>
            <datafield tag="630" ind1="0" ind2="0">
               <subfield code="a">General (Motion picture : 1926)</subfield>
            </datafield>
            <datafield tag="630" ind1="0" ind2="7">
               <subfield code="a">General (Motion picture : 1926)</subfield>
               <subfield code="2">fast</subfield>
               <subfield code="0">(OCoLC)fst01404094</subfield>
            </datafield>
            <datafield tag="710" ind1="2" ind2=" ">
               <subfield code="a">British Film Institute.</subfield>
            </datafield>
            <datafield tag="830" ind1=" " ind2="0">
               <subfield code="a">BFI film classics.</subfield>
            </datafield>
            <datafield tag="999" ind1=" " ind2=" ">
               <subfield code="a">PN1997.G4K73 2016</subfield>
               <subfield code="w">LC</subfield>
               <subfield code="c">1</subfield>
               <subfield code="i">000079030434</subfield>
               <subfield code="d">7/11/2017</subfield>
               <subfield code="e">6/8/2017</subfield>
               <subfield code="l">PATTEE-2A</subfield>
               <subfield code="m">UP-PAT</subfield>
               <subfield code="r">Y</subfield>
               <subfield code="s">Y</subfield>
               <subfield code="t">BOOK</subfield>
               <subfield code="u">8/9/2016</subfield>
            </datafield>
      </record>
    </metadata>
  </record>