
   <record> 
    <header>
      <identifier>oai:cat.libraries.psu.edu:18158536</identifier> 
      <datestamp>2022-12-16</datestamp>
      <setSpec>BOOK</setSpec> 
    </header>
    <metadata>
      <record xmlns="http://www.loc.gov/MARC21/slim" xsi:schemaLocation="http://www.loc.gov/MARC21/slim http://www.loc.gov/standards/marcxml/schema/MARC21slim.xsd" type="Bibliographic">
         <leader>     cam  22      i 4500</leader>
         <controlfield tag="008">160318t20162016sz a     bc   000 0 eng c</controlfield>
            <datafield tag="020" ind1=" " ind2=" ">
               <subfield code="a">9783858815101</subfield>
            </datafield>
            <datafield tag="020" ind1=" " ind2=" ">
               <subfield code="a">3858815101</subfield>
            </datafield>
            <datafield tag="041" ind1="0" ind2=" ">
               <subfield code="a">ger</subfield>
               <subfield code="a">eng</subfield>
            </datafield>
            <datafield tag="050" ind1=" " ind2="4">
               <subfield code="a">NA1068.5 .E9</subfield>
               <subfield code="b">V57 2016</subfield>
            </datafield>
            <datafield tag="082" ind1="0" ind2="4">
               <subfield code="a">724.6</subfield>
            </datafield>
            <datafield tag="245" ind1="0" ind2="0">
               <subfield code="a">Visionäre der Moderne =</subfield>
               <subfield code="b">Modern visionaries : Paul Scheerbart, Bruno Taut, Paul Goesch /</subfield>
               <subfield code="c">mit Beiträgen von Eva -Maria Barkhofen, Sabine Hohnholz, Greta Kühnast, Annelie Lütgens, Ralph Musielski und Thomas Köhler.</subfield>
            </datafield>
            <datafield tag="246" ind1="1" ind2="1">
               <subfield code="a">Modern visionaries</subfield>
            </datafield>
            <datafield tag="246" ind1="3" ind2="0">
               <subfield code="a">Paul Scheerbart, Bruno Taut, Paul Goesch</subfield>
            </datafield>
            <datafield tag="264" ind1=" " ind2="1">
               <subfield code="a">Zürich :</subfield>
               <subfield code="b">Schiedegger &amp; Spiess,</subfield>
               <subfield code="c">[2016]</subfield>
            </datafield>
            <datafield tag="264" ind1=" " ind2="4">
               <subfield code="c">© 2016</subfield>
            </datafield>
            <datafield tag="300" ind1=" " ind2=" ">
               <subfield code="a">198 pages :</subfield>
               <subfield code="b">color illustrations ;</subfield>
               <subfield code="c">27 cm</subfield>
            </datafield>
            <datafield tag="504" ind1=" " ind2=" ">
               <subfield code="a">Includes bibliographical references (pages 190-193).</subfield>
            </datafield>
            <datafield tag="505" ind1="0" ind2=" ">
               <subfield code="a">Visionäre der Moderne : zur Einführung = Modern visionaries : an introduction / Annelie Lütgens -- Dichten, Bauen, Träumen = Writing, building, dreaming / Annelie Lütgens -- Katalog = Catalogue -- Die Rezeption Paul Goeschs durch Adolf Behne und Paul Westheim = The reception of Paul Goesch by Adolf Behne and Paul Westheim / Annelie Lütgens -- Scheerbart, Taut, Goesch : die Elixiere der Imagonauten = The elixir of the imagonauts / Ralph Musielski -- Architektur im Kopf : Paul Goesch und die Gläserne Kette : Theorien zur utopischen Architektur im Expressionismus = Architecture in mind : Paul Goesch and the Crystal Chain : theories on utopian architecture in Expressionism / Eva-Maria Barkhofen -- &quot;Bemerkenswert&quot; : Hans Prinzhorn, seine Sammlung und Paul Goesch = &quot;Remarkable&quot; : Hans Prinzhorn, his collection, and Paul Goesch / Sabine Hohnholz -- Künstlerbiografien = Artists' biographies / Greta Kühnast.</subfield>
            </datafield>
            <datafield tag="520" ind1="8" ind2=" ">
               <subfield code="a">Dieses Buch präsentiert phantastische Architekturen, Zeichnungen und Texte dreier deutscher Visionäre in der Aufbruchsphase nach dem Ersten Weltkrieg. Der Schriftsteller, Dichter und Erfinder Paul Scheerbart (1863-1915) konnte den Architekten Bruno Taut (1880-1938) für seine Ideen, mit farbigem Glas zu bauen, begeistern. Paul Goesch (1885-1940), ausgebildeter Architekt, schuf Hunderte von phantastischen Zeichnungen. Er zählte zum berühmten Forum für utopisches Bauen &quot;Die gläserne Kette&quot;, das 1919 von Taut ins Leben gerufen worden war. Die expressive Kunst der jungen Weimarer Republik, deren Wirtschaft darniederlag, sollte sich aus den verschiedensten Quellen speisen, die Bauten gläsernen Grotten oder galaktischen Luftschlössern ähneln. &quot;Träumer, Phantasten, Visionäre, das ist letzten Endes das, was wir wollen: die Utopie!&quot;, formulierte der Architekt Walter Gropius begeistert. Diese erste vergleichende Publikation zum Schaffen der drei Visionäre der Moderne vereinigt rund 80 bisher noch nie gezeigte Aquarelle von Paul Goesch mit Zeichnungen und Texten Paul Scheerbarts, Bruno Tauts und weiterer Mitglieder der &quot;Gläsernen Kette&quot;. Exhibition: Berlinische Galerie, Berlin, Germany (15.04-31.10.2016).</subfield>
            </datafield>
            <datafield tag="600" ind1="1" ind2="0">
               <subfield code="a">Scheerbart, Paul,</subfield>
               <subfield code="d">1863-1915</subfield>
               <subfield code="v">Exhibitions.</subfield>
            </datafield>
            <datafield tag="600" ind1="1" ind2="0">
               <subfield code="a">Taut, Bruno,</subfield>
               <subfield code="d">1880-1938</subfield>
               <subfield code="v">Exhibitions.</subfield>
            </datafield>
            <datafield tag="600" ind1="1" ind2="0">
               <subfield code="a">Goesch, Paul,</subfield>
               <subfield code="d">1885-1940</subfield>
               <subfield code="v">Exhibitions.</subfield>
            </datafield>
            <datafield tag="600" ind1="1" ind2="7">
               <subfield code="0">(DE-588)118606816</subfield>
               <subfield code="0">(DE-603)086947796</subfield>
               <subfield code="a">Scheerbart, Paul,</subfield>
               <subfield code="d">08.01.1863-15.10.1915.</subfield>
               <subfield code="2">gnd</subfield>
            </datafield>
            <datafield tag="600" ind1="1" ind2="7">
               <subfield code="0">(DE-588)118621041</subfield>
               <subfield code="0">(DE-603)086961993</subfield>
               <subfield code="a">Taut, Bruno,</subfield>
               <subfield code="d">04.05.1880-24.12.1938.</subfield>
               <subfield code="2">gnd</subfield>
            </datafield>
            <datafield tag="600" ind1="1" ind2="7">
               <subfield code="0">(DE-588)12842270X</subfield>
               <subfield code="0">(DE-603)114433917</subfield>
               <subfield code="a">Goesch, Paul,</subfield>
               <subfield code="d">1885-1940.</subfield>
               <subfield code="2">gnd</subfield>
            </datafield>
            <datafield tag="610" ind1="2" ind2="0">
               <subfield code="a">Gläserne Kette (Group of architects)</subfield>
               <subfield code="v">Exhibitions.</subfield>
            </datafield>
            <datafield tag="650" ind1=" " ind2="0">
               <subfield code="a">Visionary architecture</subfield>
               <subfield code="z">Germany</subfield>
               <subfield code="v">Exhibitions.</subfield>
            </datafield>
            <datafield tag="650" ind1=" " ind2="0">
               <subfield code="a">Expressionism (Art)</subfield>
               <subfield code="z">Germany</subfield>
               <subfield code="v">Exhibitions.</subfield>
            </datafield>
            <datafield tag="650" ind1=" " ind2="0">
               <subfield code="a">Expressionism (Architecture)</subfield>
               <subfield code="z">Germany</subfield>
               <subfield code="v">Exhibitions.</subfield>
            </datafield>
            <datafield tag="650" ind1=" " ind2="7">
               <subfield code="0">(DE-588)4037220-0</subfield>
               <subfield code="0">(DE-603)085101273</subfield>
               <subfield code="a">Malerei.</subfield>
               <subfield code="2">gnd</subfield>
            </datafield>
            <datafield tag="650" ind1=" " ind2="7">
               <subfield code="0">(DE-588)4127900-1</subfield>
               <subfield code="0">(DE-603)085441619</subfield>
               <subfield code="a">Zeichnung.</subfield>
               <subfield code="2">gnd</subfield>
            </datafield>
            <datafield tag="700" ind1="1" ind2=" ">
               <subfield code="a">Barkhofen, Eva-Maria,</subfield>
               <subfield code="e">writer of added commentary.</subfield>
            </datafield>
            <datafield tag="700" ind1="1" ind2=" ">
               <subfield code="a">Hohnholz, Sabine,</subfield>
               <subfield code="e">writer of added commentary.</subfield>
            </datafield>
            <datafield tag="700" ind1="1" ind2=" ">
               <subfield code="a">Kühnast, Greta,</subfield>
               <subfield code="e">writer of added commentary.</subfield>
            </datafield>
            <datafield tag="700" ind1="1" ind2=" ">
               <subfield code="a">Musielski, Ralph,</subfield>
               <subfield code="e">writer of added commentary.</subfield>
            </datafield>
            <datafield tag="700" ind1="1" ind2=" ">
               <subfield code="a">Köhler, Thomas</subfield>
               <subfield code="c">(Museum director),</subfield>
               <subfield code="e">writer of added commentary.</subfield>
            </datafield>
            <datafield tag="700" ind1="1" ind2=" ">
               <subfield code="a">Lütgens, Annelie,</subfield>
               <subfield code="e">writer of added commentary.</subfield>
            </datafield>
            <datafield tag="700" ind1="1" ind2=" ">
               <subfield code="a">Scheerbart, Paul,</subfield>
               <subfield code="d">1863-1915,</subfield>
               <subfield code="e">artist.</subfield>
            </datafield>
            <datafield tag="700" ind1="1" ind2=" ">
               <subfield code="a">Taut, Bruno,</subfield>
               <subfield code="d">1880-1938,</subfield>
               <subfield code="e">artist.</subfield>
            </datafield>
            <datafield tag="700" ind1="1" ind2=" ">
               <subfield code="a">Goesch, Paul,</subfield>
               <subfield code="d">1885-1940,</subfield>
               <subfield code="e">artist.</subfield>
            </datafield>
            <datafield tag="710" ind1="2" ind2=" ">
               <subfield code="a">Berlinische Galerie,</subfield>
               <subfield code="e">host institution.</subfield>
            </datafield>
            <datafield tag="999" ind1=" " ind2=" ">
               <subfield code="a">NA1068.5.E9V57 2016</subfield>
               <subfield code="w">LC</subfield>
               <subfield code="c">1</subfield>
               <subfield code="i">000079030724</subfield>
               <subfield code="d">3/20/2017</subfield>
               <subfield code="e">2/8/2017</subfield>
               <subfield code="l">STACKS-AC</subfield>
               <subfield code="m">UP-ARCHIT</subfield>
               <subfield code="n">2</subfield>
               <subfield code="r">Y</subfield>
               <subfield code="s">Y</subfield>
               <subfield code="t">BOOK</subfield>
               <subfield code="u">8/9/2016</subfield>
            </datafield>
      </record>
    </metadata>
  </record>