
   <record> 
    <header>
      <identifier>oai:cat.libraries.psu.edu:18158537</identifier> 
      <datestamp>2022-12-16</datestamp>
      <setSpec>BOOK</setSpec> 
    </header>
    <metadata>
      <record xmlns="http://www.loc.gov/MARC21/slim" xsi:schemaLocation="http://www.loc.gov/MARC21/slim http://www.loc.gov/standards/marcxml/schema/MARC21slim.xsd" type="Bibliographic">
         <leader>     cam  22     Ia 4500</leader>
         <controlfield tag="008">160302s2016    pk       b    001 0 eng  </controlfield>
            <datafield tag="010" ind1=" " ind2=" ">
               <subfield code="a">  2016344006</subfield>
            </datafield>
            <datafield tag="020" ind1=" " ind2=" ">
               <subfield code="a">9780199402908</subfield>
            </datafield>
            <datafield tag="020" ind1=" " ind2=" ">
               <subfield code="a">0199402906</subfield>
            </datafield>
            <datafield tag="037" ind1=" " ind2=" ">
               <subfield code="b">Library of Congress -- Islamabad Overseas Office</subfield>
            </datafield>
            <datafield tag="050" ind1="0" ind2="0">
               <subfield code="a">DS480.45</subfield>
               <subfield code="b">.S769 2016</subfield>
            </datafield>
            <datafield tag="100" ind1="1" ind2=" ">
               <subfield code="a">Sultana, Kishwar,</subfield>
               <subfield code="e">author.</subfield>
            </datafield>
            <datafield tag="245" ind1="1" ind2="0">
               <subfield code="a">Politics of the All-India Muslim League, 1924-1940 /</subfield>
               <subfield code="c">Kishwar Sultana.</subfield>
            </datafield>
            <datafield tag="250" ind1=" " ind2=" ">
               <subfield code="a">First edition.</subfield>
            </datafield>
            <datafield tag="264" ind1=" " ind2="1">
               <subfield code="a">Karachi :</subfield>
               <subfield code="b">Oxford University Press,</subfield>
               <subfield code="c">2016.</subfield>
            </datafield>
            <datafield tag="300" ind1=" " ind2=" ">
               <subfield code="a">xvi, 364 pages ;</subfield>
               <subfield code="c">22  cm</subfield>
            </datafield>
            <datafield tag="504" ind1=" " ind2=" ">
               <subfield code="a">Includes bibliographical references (pages 343-353) and index.</subfield>
            </datafield>
            <datafield tag="505" ind1="0" ind2=" ">
               <subfield code="a">Machine generated contents note: ch. 1 Historical Background -- ch. 2 Revival of the Muslim League, Advancement of Muslim Political Rights, and other Issues 1924--1927 -- ch. 3 Muslim League-Congress Relations: Parting of Ways 1928--1934 -- ch. 4 Period of Reconstruction 1935--1939 -- ch. 5 Consolidation of AIML and Demand for the Creation of Pakistan 1939--1940 -- Conclusion -- Appendices -- A.Jinnah's Fourteen Points 1929 -- B.The Communal Award 1932 -- C.The White Paper 1933 -- D.The Constitution and Rules of the All-India Muslim League -- E.League Parliamentary Board Manifesto 1936.</subfield>
            </datafield>
            <datafield tag="610" ind1="2" ind2="0">
               <subfield code="a">All-India Muslim League</subfield>
               <subfield code="x">History.</subfield>
            </datafield>
            <datafield tag="610" ind1="2" ind2="7">
               <subfield code="a">All-India Muslim League.</subfield>
               <subfield code="2">fast</subfield>
               <subfield code="0">(OCoLC)fst00518403</subfield>
            </datafield>
            <datafield tag="650" ind1=" " ind2="0">
               <subfield code="a">Muslims</subfield>
               <subfield code="x">Political activity</subfield>
               <subfield code="z">India</subfield>
               <subfield code="x">History</subfield>
               <subfield code="y">20th century.</subfield>
            </datafield>
            <datafield tag="650" ind1=" " ind2="7">
               <subfield code="a">Muslims</subfield>
               <subfield code="x">Political activity.</subfield>
               <subfield code="2">fast</subfield>
               <subfield code="0">(OCoLC)fst01031058</subfield>
            </datafield>
            <datafield tag="650" ind1=" " ind2="7">
               <subfield code="a">Politics and government.</subfield>
               <subfield code="2">fast</subfield>
               <subfield code="0">(OCoLC)fst01919741</subfield>
            </datafield>
            <datafield tag="651" ind1=" " ind2="0">
               <subfield code="a">India</subfield>
               <subfield code="x">Politics and government</subfield>
               <subfield code="y">1919-1947.</subfield>
            </datafield>
            <datafield tag="651" ind1=" " ind2="7">
               <subfield code="a">India.</subfield>
               <subfield code="2">fast</subfield>
               <subfield code="0">(OCoLC)fst01210276</subfield>
            </datafield>
            <datafield tag="655" ind1=" " ind2="7">
               <subfield code="a">History.</subfield>
               <subfield code="2">fast</subfield>
               <subfield code="0">(OCoLC)fst01411628</subfield>
            </datafield>
            <datafield tag="999" ind1=" " ind2=" ">
               <subfield code="a">DS480.45.S769 2016</subfield>
               <subfield code="w">LC</subfield>
               <subfield code="c">1</subfield>
               <subfield code="i">000079030458</subfield>
               <subfield code="d">10/10/2016</subfield>
               <subfield code="e">8/25/2016</subfield>
               <subfield code="l">PATTEE-1</subfield>
               <subfield code="m">UP-PAT</subfield>
               <subfield code="r">Y</subfield>
               <subfield code="s">Y</subfield>
               <subfield code="t">BOOK</subfield>
               <subfield code="u">8/9/2016</subfield>
            </datafield>
      </record>
    </metadata>
  </record>