
   <record> 
    <header>
      <identifier>oai:cat.libraries.psu.edu:18158538</identifier> 
      <datestamp>2022-12-16</datestamp>
      <setSpec>BOOK</setSpec> 
    </header>
    <metadata>
      <record xmlns="http://www.loc.gov/MARC21/slim" xsi:schemaLocation="http://www.loc.gov/MARC21/slim http://www.loc.gov/standards/marcxml/schema/MARC21slim.xsd" type="Bibliographic">
         <leader>     cam  22      i 4500</leader>
         <controlfield tag="008">160325t20162016ne ac    bc   000 0deng d</controlfield>
            <datafield tag="020" ind1=" " ind2=" ">
               <subfield code="a">9783863358846 (hd.bd.)</subfield>
            </datafield>
            <datafield tag="020" ind1=" " ind2=" ">
               <subfield code="a">3863358848 (hd.bd.)</subfield>
            </datafield>
            <datafield tag="024" ind1="3" ind2=" ">
               <subfield code="a">9783863358846</subfield>
            </datafield>
            <datafield tag="050" ind1=" " ind2="4">
               <subfield code="a">N6953.A66</subfield>
               <subfield code="b">A4x 2016</subfield>
            </datafield>
            <datafield tag="082" ind1="0" ind2="4">
               <subfield code="a">709.2</subfield>
            </datafield>
            <datafield tag="100" ind1="1" ind2=" ">
               <subfield code="a">Appel, Karel,</subfield>
               <subfield code="d">1921-2006.</subfield>
            </datafield>
            <datafield tag="245" ind1="1" ind2="0">
               <subfield code="a">Karel Appel :</subfield>
               <subfield code="b">retrospective.</subfield>
            </datafield>
            <datafield tag="264" ind1=" " ind2="1">
               <subfield code="a">The Hague :</subfield>
               <subfield code="b">Gemeentemuseum Den Haag ;</subfield>
               <subfield code="a">Köln :</subfield>
               <subfield code="b">Verlag der Buchhandlung Walter König,</subfield>
               <subfield code="c">[2016]</subfield>
            </datafield>
            <datafield tag="264" ind1=" " ind2="4">
               <subfield code="c">©2016</subfield>
            </datafield>
            <datafield tag="300" ind1=" " ind2=" ">
               <subfield code="a">261 pages :</subfield>
               <subfield code="b">illustrations (chiefly color), portraits ;</subfield>
               <subfield code="c">30 cm</subfield>
            </datafield>
            <datafield tag="500" ind1=" " ind2=" ">
               <subfield code="a">Exhibition catalog.</subfield>
            </datafield>
            <datafield tag="500" ind1=" " ind2=" ">
               <subfield code="a">On the occasion of an exhibition held at the Gemeentemuseum Den Haag, The Hague, January 16 - May 16, 2016.</subfield>
            </datafield>
            <datafield tag="504" ind1=" " ind2=" ">
               <subfield code="a">Includes bibliographical references.</subfield>
            </datafield>
            <datafield tag="505" ind1="0" ind2=" ">
               <subfield code="a">Machine generated contents note: Between the Lines / Franz-W. Kaiser -- A Conversation with Michel Ragon -- Paris, June 16, 2015 -- The Manifesto / Karel Appel -- Studios / Rudi Fuchs -- The Appel Effect / Klaus Ottmann -- Drawings -- Paintings -- Sculptures -- The Exhibition -- Chronology / Franz-W. Kaiser.</subfield>
            </datafield>
            <datafield tag="600" ind1="1" ind2="0">
               <subfield code="a">Appel, Karel,</subfield>
               <subfield code="d">1921-2006</subfield>
               <subfield code="v">Exhibitions.</subfield>
            </datafield>
            <datafield tag="600" ind1="1" ind2="7">
               <subfield code="a">Appel, Karel,</subfield>
               <subfield code="d">1921-2006.</subfield>
               <subfield code="2">fast</subfield>
               <subfield code="0">(OCoLC)fst00035599</subfield>
            </datafield>
            <datafield tag="650" ind1=" " ind2="0">
               <subfield code="a">Art, Dutch</subfield>
               <subfield code="y">20th century</subfield>
               <subfield code="v">Exhibitions.</subfield>
            </datafield>
            <datafield tag="650" ind1=" " ind2="0">
               <subfield code="a">Art, Dutch</subfield>
               <subfield code="y">21st century</subfield>
               <subfield code="v">Exhibitions.</subfield>
            </datafield>
            <datafield tag="650" ind1=" " ind2="7">
               <subfield code="a">Art, Dutch.</subfield>
               <subfield code="2">fast</subfield>
               <subfield code="0">(OCoLC)fst00816183</subfield>
            </datafield>
            <datafield tag="655" ind1=" " ind2="7">
               <subfield code="a">Exhibition catalogs.</subfield>
               <subfield code="2">fast</subfield>
               <subfield code="0">(OCoLC)fst01424028</subfield>
            </datafield>
            <datafield tag="710" ind1="2" ind2=" ">
               <subfield code="a">Haags Gemeentemuseum.</subfield>
            </datafield>
            <datafield tag="999" ind1=" " ind2=" ">
               <subfield code="a">N6953.A66A4x 2016</subfield>
               <subfield code="w">LC</subfield>
               <subfield code="c">1</subfield>
               <subfield code="i">000078510364</subfield>
               <subfield code="d">2/7/2022</subfield>
               <subfield code="e">8/24/2016</subfield>
               <subfield code="l">PATTEE-W3</subfield>
               <subfield code="m">UP-PAT</subfield>
               <subfield code="q">1</subfield>
               <subfield code="r">Y</subfield>
               <subfield code="s">Y</subfield>
               <subfield code="t">BOOK</subfield>
               <subfield code="u">8/9/2016</subfield>
            </datafield>
      </record>
    </metadata>
  </record>