
   <record> 
    <header>
      <identifier>oai:cat.libraries.psu.edu:18158539</identifier> 
      <datestamp>2022-12-16</datestamp>
      <setSpec>BOOK</setSpec> 
    </header>
    <metadata>
      <record xmlns="http://www.loc.gov/MARC21/slim" xsi:schemaLocation="http://www.loc.gov/MARC21/slim http://www.loc.gov/standards/marcxml/schema/MARC21slim.xsd" type="Bibliographic">
         <leader>     nam  22      a 4500</leader>
         <controlfield tag="008">151019s2016    nyuabf   b    001 0 eng  </controlfield>
            <datafield tag="010" ind1=" " ind2=" ">
               <subfield code="a">  2015030157</subfield>
            </datafield>
            <datafield tag="020" ind1=" " ind2=" ">
               <subfield code="a">9780199380213</subfield>
               <subfield code="q">hardcover</subfield>
            </datafield>
            <datafield tag="020" ind1=" " ind2=" ">
               <subfield code="a">019938021X</subfield>
               <subfield code="q">hardcover</subfield>
            </datafield>
            <datafield tag="035" ind1=" " ind2=" ">
               <subfield code="a">(OCoLC)926312829</subfield>
               <subfield code="z">(OCoLC)945718965</subfield>
            </datafield>
            <datafield tag="050" ind1="0" ind2="0">
               <subfield code="a">QH541.26</subfield>
               <subfield code="b">.L67 2016</subfield>
            </datafield>
            <datafield tag="082" ind1="0" ind2="0">
               <subfield code="a">577.072073</subfield>
               <subfield code="2">23</subfield>
            </datafield>
            <datafield tag="245" ind1="0" ind2="0">
               <subfield code="a">Long-term ecological research :</subfield>
               <subfield code="b">changing the nature of scientists /</subfield>
               <subfield code="c">edited by Michael R. Willig and Lawrence R. Walker.</subfield>
            </datafield>
            <datafield tag="264" ind1=" " ind2="1">
               <subfield code="a">New York, NY :</subfield>
               <subfield code="b">Oxford University Press,</subfield>
               <subfield code="c">[2016]</subfield>
            </datafield>
            <datafield tag="300" ind1=" " ind2=" ">
               <subfield code="a">xvii, 442 pages, 16 unnumbered pages of plates ;</subfield>
               <subfield code="c">25 cm</subfield>
            </datafield>
            <datafield tag="504" ind1=" " ind2=" ">
               <subfield code="a">Includes bibliographical references and index.</subfield>
            </datafield>
            <datafield tag="505" ind1="0" ind2=" ">
               <subfield code="a">Changing the Nature of Scientists : Participation in the Long-Term Ecological Research Program / Michael R. Willig and Lawrence R. Walker -- Sustaining Long-Term Research : Collaboration, Multidisciplinarity and Synthesis in the Long-Term Ecological Research (LTER) Program / Robert B. Waide -- Reflections on LTER from NSF Program Directors' Perspectives / Henry L. Gholz, Robert Marinelli, and Phillip R. Taylor -- Streams and Dreams and Cross Site Studies / Sherri L. Johnson -- Data, Data Everywhere / Susan G. Stafford -- Science, Citizenship, and Humanities in the Ancient Forest of Andrews / Frederick J. Swanson -- Bridging Community and Ecosystem Ecology at the Arctic LTER Site via Collaborations / Laura Gough -- LTER in the Arctic : Where Science Never Sleeps / John E. Hobbie -- Forty Arctic Summers / Gaius R. Shaver -- Of Fish and Platypus : If You Could Ask a Fish What It Feels Like to Swim? / J. Morgan Grove -- Long-Term Ecological Research on the Urban Frontier : Benefiting from Baltimore / Steward T.A. Pickett -- Beneficiary of a Changed Paradigm : Perspectives of a &quot;Next-Generation&quot; Scientist / Elizabeth T. Borer -- Listening to Nature and Letting Data Be Trump / David Tilman -- The Socializing of an Ecosystem Ecologist : Interdisciplinarity from a Career Spent in the LTER Network / Daniel L. Childers -- An Urban Ecological Journey / Nancy B. Grimm -- An Anthropologist Joins the LTER Network / Ted L. Gragson -- The Benefits of Long-Term Environmental Research, Friendships, and Boiled Peanuts / Evelyn E. Gaiser -- Collaboration and Broadening Our Scope : Relevance of LTER Science to the Global Community / Tiffany G. Troxler -- A Dryland Ecologist's Mid-Career Retrospective on LTER and the Science-management Interface / Brandon Bestelmeyer -- Tales from an LTER &quot;Lifer&quot; / Debra P.C. Peters -- A Forest to Prairie Transition as an LTER Scientist / John Blair -- Growing-Up with the Konza Prairie LTER Program / Alan K. Knapp -- Born and Bred in the LTER Network : Perspectives on Network Science and Global Collaboration / Melinda D. Smith -- Confessions of a Fungal Systematist / D. Jean Lodge -- A Glimpse of the Tropics Through Odum's Macroscope / Ariel E. Lugo -- Taking the Long View : Growing Up in the LTER / Whendee L. Silver -- Kelp Forests, Coral Reefs, and the LTER Program : Synergies and Impacts on a Scientific Career / Sally J. Holbrook -- The LTER Construct for Understanding Dynamics of Coral Reef Ecosystems and Its Influence on My Science / Russell J. Schmitt -- Top of the World Collaborations : Lessons from Above Treeline / Katharine N. Suding -- My Evolution as an LTER Scientist / John J. Magnuson -- Learning from a Frozen Ocean : The Changing Face of Antarctic Ocean Ecology / Hugh W. Ducklow -- Mysteries in the Marsh / Anne Giblin -- Perspectives on a 30-Year Career of Salt Marsh Research / James T. Morris -- Evolution of an Information Manager / Margaret O?Brien -- From LTER to NSF and Back : A Personal History of LTER Science and Management / Scott L. Collins -- The LTER Stimulus : Research, Education, and Leadership Development at Individual and Community Levels / James R. Gosz -- LTER and Lessons from Networked Lives / John C. Moore -- Networking : From LTER to NEON / Bruce P. Hayden -- Sharing Information : Many Hands Make Light Work / John H. Porter -- Coda : Some Reflections on the Long-Term Ecological Research (LTER) Program / William H. Schlesinger -- Scholarly Learning in an Ecological Setting : Applying the Knowledge, Attitudes, and Behaviors Framework to Perceived Outcomes from Participation in the Long-Term Ecological Research Program / Mark A. Boyer and Scott W. Brown -- Exploring the Scientific and Beyond : Science Interactions of LTER Scientists / Courtney G. Flint -- Long-Term Ecological Research over the Long Term : An Historian's Perspective / Christopher Hamlin -- Tradeoffs of Participation in the Long-Term Ecological Research (LTER) Program : Immediate and Long-Term Consequences / Lawrence R. Walker and Michael R. Willig.</subfield>
            </datafield>
            <datafield tag="610" ind1="2" ind2="0">
               <subfield code="a">Long-Term Ecological Research Program.</subfield>
            </datafield>
            <datafield tag="610" ind1="2" ind2="7">
               <subfield code="a">Long-Term Ecological Research Program.</subfield>
               <subfield code="2">fast</subfield>
               <subfield code="0">(OCoLC)fst00675285</subfield>
            </datafield>
            <datafield tag="650" ind1=" " ind2="0">
               <subfield code="a">Ecology</subfield>
               <subfield code="x">Research</subfield>
               <subfield code="z">United States.</subfield>
            </datafield>
            <datafield tag="650" ind1=" " ind2="7">
               <subfield code="a">Ecology</subfield>
               <subfield code="x">Research.</subfield>
               <subfield code="2">fast</subfield>
               <subfield code="0">(OCoLC)fst00901529</subfield>
            </datafield>
            <datafield tag="651" ind1=" " ind2="7">
               <subfield code="a">United States.</subfield>
               <subfield code="2">fast</subfield>
               <subfield code="0">(OCoLC)fst01204155</subfield>
            </datafield>
            <datafield tag="700" ind1="1" ind2=" ">
               <subfield code="a">Willig, Michael R.,</subfield>
               <subfield code="e">editor.</subfield>
            </datafield>
            <datafield tag="700" ind1="1" ind2=" ">
               <subfield code="a">Walker, Lawrence R.,</subfield>
               <subfield code="e">editor.</subfield>
            </datafield>
            <datafield tag="999" ind1=" " ind2=" ">
               <subfield code="a">QH541.26.L67 2015</subfield>
               <subfield code="w">LC</subfield>
               <subfield code="c">1</subfield>
               <subfield code="i">000079031202</subfield>
               <subfield code="d">12/30/2016</subfield>
               <subfield code="e">11/16/2016</subfield>
               <subfield code="l">PATERNO-4</subfield>
               <subfield code="m">UP-PAT</subfield>
               <subfield code="n">2</subfield>
               <subfield code="q">1</subfield>
               <subfield code="r">Y</subfield>
               <subfield code="s">Y</subfield>
               <subfield code="t">BOOK</subfield>
               <subfield code="u">8/9/2016</subfield>
            </datafield>
      </record>
    </metadata>
  </record>