
   <record> 
    <header>
      <identifier>oai:cat.libraries.psu.edu:18158540</identifier> 
      <datestamp>2022-12-16</datestamp>
      <setSpec>BOOK</setSpec> 
    </header>
    <metadata>
      <record xmlns="http://www.loc.gov/MARC21/slim" xsi:schemaLocation="http://www.loc.gov/MARC21/slim http://www.loc.gov/standards/marcxml/schema/MARC21slim.xsd" type="Bibliographic">
         <leader>     cam  22     Ii 4500</leader>
         <controlfield tag="008">160219t20162016ne a     b    001 0 eng  </controlfield>
            <datafield tag="010" ind1=" " ind2=" ">
               <subfield code="a">  2016008199</subfield>
            </datafield>
            <datafield tag="020" ind1=" " ind2=" ">
               <subfield code="a">9789004313941</subfield>
               <subfield code="q">(hardback ;</subfield>
               <subfield code="q">alk. paper)</subfield>
            </datafield>
            <datafield tag="020" ind1=" " ind2=" ">
               <subfield code="a">900431394X</subfield>
               <subfield code="q">(hardback ;</subfield>
               <subfield code="q">alk. paper)</subfield>
            </datafield>
            <datafield tag="035" ind1=" " ind2=" ">
               <subfield code="a">(OCoLC)938394070</subfield>
            </datafield>
            <datafield tag="050" ind1="0" ind2="0">
               <subfield code="a">PN1880</subfield>
               <subfield code="b">.S77 2016</subfield>
            </datafield>
            <datafield tag="082" ind1="0" ind2="0">
               <subfield code="a">792.1/6</subfield>
               <subfield code="2">23</subfield>
            </datafield>
            <datafield tag="245" ind1="0" ind2="0">
               <subfield code="a">Staging scripture :</subfield>
               <subfield code="b">biblical drama, 1350-1600 /</subfield>
               <subfield code="c">edited by Peter Happé, Wim Hüsken.</subfield>
            </datafield>
            <datafield tag="264" ind1=" " ind2="1">
               <subfield code="a">Leiden :</subfield>
               <subfield code="b">Brill/Rodopi,</subfield>
               <subfield code="c">2016.</subfield>
            </datafield>
            <datafield tag="264" ind1=" " ind2="4">
               <subfield code="c">©2016</subfield>
            </datafield>
            <datafield tag="300" ind1=" " ind2=" ">
               <subfield code="a">vi, 414 pages :</subfield>
               <subfield code="b">color illustrations ;</subfield>
               <subfield code="c">23 cm.</subfield>
            </datafield>
            <datafield tag="490" ind1="1" ind2=" ">
               <subfield code="a">Ludus : medieval and early Renaissance theatre and drama,</subfield>
               <subfield code="x">1385-0393 ;</subfield>
               <subfield code="v">VOLUME 14</subfield>
            </datafield>
            <datafield tag="504" ind1=" " ind2=" ">
               <subfield code="a">Includes bibliographical references and index.</subfield>
            </datafield>
            <datafield tag="505" ind1="0" ind2=" ">
               <subfield code="a">Machine generated contents note: 1.Performing the Scriptures: Biblical Drama after the Reformation / Sarah Carpenter -- 2.Blurred Lines? Religion, Reform, and Reformation in Sir David Lyndsay's Ane Satyre of the Thrie Estaitis / Greg Walker -- 3.Play Titles without Play Texts: What Can They Tell Us, and How? An Investigation of the Evidence for the Beverley Corpus Christi Play / Diana Wyatt -- 4.The Bible and the Towneley Plays of Isaac and Iacob / Philip Butterworth -- 5.The Norwich Grocers' Play(s) (1533, 1565): Development and Changes in the Representation of Man's Fall / Roberta Mullini -- 6.Preaching Penance on the Stage in Late Medieval England: The Case of John the Baptist / Charlotte Steenbrugge -- 7.&quot;Have here a Drink full good&quot;: A Comparative Analysis of Staging Temptation in the Newcastle Noah Play / Katie Normington -- 8.Dramatizing the Resurrection / Peter Happe -- 9.Seeing and Recognizing in the Sacred and New: The Latin Scriptural Plays of Nicholas Grimald / Stephanie Allen -- 10.Staging and Liturgy in The Croxton Play of the Sacrament / David Bevington -- 11.Herod's Reputation and the Killing of the Children: Some Theatrical Consequences / Bob Godfrey -- 12.Passion Play: Staging York's The Conspiracy and Christ before Annas and Caiaphas / Philip Crispin -- 13.&quot;Alle out of hir self&quot;: Mary, Effective Piety and the N-Town Crucifixion / James McBain -- 14.Memory and Remembering: Sacred History and the York Plays / Clifford Davidson -- 15.Audience Responses and the York Corpus Christi Play / Margaret Rogerson -- 16.&quot;Be ye thus trowing&quot;: Medieval Drama and Make-Belief / Garrett P.J. Epp.</subfield>
            </datafield>
            <datafield tag="650" ind1=" " ind2="0">
               <subfield code="a">Bible plays</subfield>
               <subfield code="x">History and criticism.</subfield>
            </datafield>
            <datafield tag="650" ind1=" " ind2="0">
               <subfield code="a">Religious drama</subfield>
               <subfield code="x">History and criticism.</subfield>
            </datafield>
            <datafield tag="650" ind1=" " ind2="0">
               <subfield code="a">Drama, Medieval</subfield>
               <subfield code="x">History and criticism.</subfield>
            </datafield>
            <datafield tag="650" ind1=" " ind2="0">
               <subfield code="a">Religious drama</subfield>
               <subfield code="x">Presentation, etc.</subfield>
            </datafield>
            <datafield tag="700" ind1="1" ind2=" ">
               <subfield code="a">Happé, Peter,</subfield>
               <subfield code="e">editor.</subfield>
            </datafield>
            <datafield tag="776" ind1="0" ind2="8">
               <subfield code="i">Online version:</subfield>
               <subfield code="t">Staging scripture</subfield>
               <subfield code="d">Boston : Brill-Rodopi, 2016</subfield>
               <subfield code="z">9789004313958</subfield>
               <subfield code="w">(DLC) 2016015285</subfield>
            </datafield>
            <datafield tag="830" ind1=" " ind2="0">
               <subfield code="a">Ludus ;</subfield>
               <subfield code="v">14.</subfield>
            </datafield>
            <datafield tag="999" ind1=" " ind2=" ">
               <subfield code="a">PN1880.S77 2016</subfield>
               <subfield code="w">LC</subfield>
               <subfield code="c">1</subfield>
               <subfield code="i">000079030199</subfield>
               <subfield code="d">4/13/2022</subfield>
               <subfield code="e">12/6/2021</subfield>
               <subfield code="l">PATTEE-2A</subfield>
               <subfield code="m">UP-PAT</subfield>
               <subfield code="n">1</subfield>
               <subfield code="r">Y</subfield>
               <subfield code="s">Y</subfield>
               <subfield code="t">BOOK</subfield>
               <subfield code="u">8/9/2016</subfield>
            </datafield>
      </record>
    </metadata>
  </record>