
   <record> 
    <header>
      <identifier>oai:cat.libraries.psu.edu:18158541</identifier> 
      <datestamp>2022-12-16</datestamp>
      <setSpec>BOOK</setSpec> 
    </header>
    <metadata>
      <record xmlns="http://www.loc.gov/MARC21/slim" xsi:schemaLocation="http://www.loc.gov/MARC21/slim http://www.loc.gov/standards/marcxml/schema/MARC21slim.xsd" type="Bibliographic">
         <leader>     cam  22     Ia 4500</leader>
         <controlfield tag="008">160402t20162016ctuae         000 0 eng d</controlfield>
            <datafield tag="010" ind1=" " ind2=" ">
               <subfield code="a">  2016905658</subfield>
            </datafield>
            <datafield tag="020" ind1=" " ind2=" ">
               <subfield code="a">9781945150074</subfield>
            </datafield>
            <datafield tag="020" ind1=" " ind2=" ">
               <subfield code="a">1945150076</subfield>
            </datafield>
            <datafield tag="050" ind1=" " ind2="4">
               <subfield code="a">HT169.N4</subfield>
               <subfield code="b">M37 2016</subfield>
            </datafield>
            <datafield tag="082" ind1="0" ind2="4">
               <subfield code="a">307.1/21609492</subfield>
               <subfield code="2">23</subfield>
            </datafield>
            <datafield tag="245" ind1="0" ind2="4">
               <subfield code="a">The Marine etablissement :</subfield>
               <subfield code="b">new terrain for central Amsterdam : Isaäc Kalisvaart, Alexander Garvin, Kevin D. Gray, and Andrei Harwell : Yale school of architecture : the Edward P. Bass Distinguished visiting architecture fellowship /</subfield>
               <subfield code="c">edited by Nina Rappaport and Owen Howlett.</subfield>
            </datafield>
            <datafield tag="246" ind1="3" ind2="0">
               <subfield code="a">Yale school of architecture :</subfield>
               <subfield code="b">the Edward P. Bass Distinguished visiting architecture fellowship</subfield>
            </datafield>
            <datafield tag="246" ind1="3" ind2="0">
               <subfield code="a">Edward P. Bass Distinguished visiting architecture fellowship</subfield>
            </datafield>
            <datafield tag="264" ind1=" " ind2="1">
               <subfield code="a">New Haven, Connecticut :</subfield>
               <subfield code="b">Yale School of Architecture,</subfield>
               <subfield code="c">[2016]</subfield>
            </datafield>
            <datafield tag="264" ind1=" " ind2="4">
               <subfield code="c">©2016</subfield>
            </datafield>
            <datafield tag="300" ind1=" " ind2=" ">
               <subfield code="a">176 pages :</subfield>
               <subfield code="b">illustrations (chiefly color), plans (some color) ;</subfield>
               <subfield code="c">24 cm</subfield>
            </datafield>
            <datafield tag="500" ind1=" " ind2=" ">
               <subfield code="a">&quot;09&quot;--Title page and spine.</subfield>
            </datafield>
            <datafield tag="505" ind1="0" ind2=" ">
               <subfield code="a">Machine generated contents note: 01.Introduction -- Fellowship Dedication -- Introduction / Owen Howlett -- 02.Overview -- Studio Introduction / Alexander Garvin -- Interview with Isaac Kalisvaart -- 03.The Yale Studio -- Studio Brief -- Studio Projects / Matthew Rauch -- 04.The Work in Review -- The Challenging Property Market and Student Response / Kevin D. Gray -- Designers and Developers: Two Worlds Apart? / Hans-Hugo Smit -- 05.Next Steps for the Navy Yard -- The Agile Transformation of a Navy Yard / Maarten Pedroli -- 06.Closing Comments -- Isaac Kalisvaart.</subfield>
            </datafield>
            <datafield tag="520" ind1=" " ind2=" ">
               <subfield code="a">&quot;Presents the design work of the M. Arch students of the ninth Yale Bass Distinguished Visiting Architectural Fellowship, taught by Isaäc Kalisvaart, CEO of MAB Development, with Alexander Garvin, Kevin D. Gray, and Andrei Harwell of the Yale faculty&quot;--Introduction.</subfield>
            </datafield>
            <datafield tag="650" ind1=" " ind2="0">
               <subfield code="a">City planning</subfield>
               <subfield code="z">Netherlands</subfield>
               <subfield code="z">Amsterdam.</subfield>
            </datafield>
            <datafield tag="700" ind1="1" ind2=" ">
               <subfield code="a">Howlett, Owen,</subfield>
               <subfield code="e">editor.</subfield>
            </datafield>
            <datafield tag="700" ind1="1" ind2=" ">
               <subfield code="a">Rappaport, Nina,</subfield>
               <subfield code="e">editor.</subfield>
            </datafield>
            <datafield tag="710" ind1="2" ind2=" ">
               <subfield code="a">Yale University.</subfield>
               <subfield code="b">Department of Architecture.</subfield>
            </datafield>
            <datafield tag="999" ind1=" " ind2=" ">
               <subfield code="a">HT169.N4M37 2016</subfield>
               <subfield code="w">LC</subfield>
               <subfield code="c">1</subfield>
               <subfield code="i">000079030700</subfield>
               <subfield code="d">12/7/2016</subfield>
               <subfield code="e">8/30/2016</subfield>
               <subfield code="l">STACKS-AC</subfield>
               <subfield code="m">UP-ARCHIT</subfield>
               <subfield code="n">1</subfield>
               <subfield code="r">Y</subfield>
               <subfield code="s">Y</subfield>
               <subfield code="t">BOOK</subfield>
               <subfield code="u">8/9/2016</subfield>
            </datafield>
      </record>
    </metadata>
  </record>