
   <record> 
    <header>
      <identifier>oai:cat.libraries.psu.edu:18158542</identifier> 
      <datestamp>2022-12-16</datestamp>
      <setSpec>BOOK</setSpec> 
    </header>
    <metadata>
      <record xmlns="http://www.loc.gov/MARC21/slim" xsi:schemaLocation="http://www.loc.gov/MARC21/slim http://www.loc.gov/standards/marcxml/schema/MARC21slim.xsd" type="Bibliographic">
         <leader>     cam  22      i 4500</leader>
         <controlfield tag="008">160401s2016    enka     c    000 0 eng d</controlfield>
            <datafield tag="020" ind1=" " ind2=" ">
               <subfield code="a">3863358945</subfield>
            </datafield>
            <datafield tag="020" ind1=" " ind2=" ">
               <subfield code="a">9783863358945</subfield>
            </datafield>
            <datafield tag="020" ind1=" " ind2=" ">
               <subfield code="a">1908617349</subfield>
            </datafield>
            <datafield tag="020" ind1=" " ind2=" ">
               <subfield code="a">9781908617347</subfield>
            </datafield>
            <datafield tag="035" ind1=" " ind2=" ">
               <subfield code="a">(OCoLC)946222765</subfield>
            </datafield>
            <datafield tag="050" ind1=" " ind2="4">
               <subfield code="a">N7093.K63</subfield>
               <subfield code="b">A4x 2016</subfield>
            </datafield>
            <datafield tag="082" ind1="0" ind2="4">
               <subfield code="a">759.85</subfield>
               <subfield code="2">23</subfield>
            </datafield>
            <datafield tag="245" ind1="0" ind2="0">
               <subfield code="a">Hilma af Klint :</subfield>
               <subfield code="b">painting the unseen /</subfield>
               <subfield code="c">catalogue editors, Emma Enderby, with Melissa Blanchflower and Melissa Larner.</subfield>
            </datafield>
            <datafield tag="246" ind1="3" ind2="0">
               <subfield code="a">Painting the unseen</subfield>
            </datafield>
            <datafield tag="264" ind1=" " ind2="1">
               <subfield code="a">London :</subfield>
               <subfield code="b">Serpentine Galleries :</subfield>
               <subfield code="b">Koenig Books,</subfield>
               <subfield code="c">©2016.</subfield>
            </datafield>
            <datafield tag="300" ind1=" " ind2=" ">
               <subfield code="a">192 pages :</subfield>
               <subfield code="b">color illustrations ;</subfield>
               <subfield code="c">25 cm</subfield>
            </datafield>
            <datafield tag="500" ind1=" " ind2=" ">
               <subfield code="a">Published on the occasion of the exhibition &quot;Hilma af Klint : Painting the Unseen&quot;, held at the Serpentine Gallery, London, 3 March - 15 May 2016.</subfield>
            </datafield>
            <datafield tag="505" ind1="0" ind2=" ">
               <subfield code="a">Director's foreword / Julia Peyton-Jones &amp; Hans-Ulrich Obrist -- Painting the unseen / Daniel Birnbaum &amp; Emma Enderby -- Longong for light : the art of Hilm af Klint / Jennifer Higgie -- Hilm af Klint and the evolution of art / Julia Voss -- Works. Primordial chaos ; The ten largest ; Evolution ; The swan ; The dove ; Altarpieces ; Series II ; On the viewing of flowers and trees ; Notebooks</subfield>
            </datafield>
            <datafield tag="520" ind1=" " ind2=" ">
               <subfield code="a">Hilma af Klint is now regarded as a pioneer of abstract art. While her paintings were not seen publicly until 1987, her work from the early 20th century pre-dates the first purely abstract paintings by Kandinsky, Mondrian or Malevich. Af Klint sought to express her feelings transmitted to her from nature and the unseen spiritual world. This catalogue focuses primarily on her body of work &quot;The Paintings for the Temple&quot;, 1906-15, and numerous paintings from the key series never published before. 00Exhibition: Serpentine Galleries, London, UK (03.03-15.05.2016).</subfield>
            </datafield>
            <datafield tag="600" ind1="1" ind2="0">
               <subfield code="a">Klint, Hilma af,</subfield>
               <subfield code="d">1862-1944</subfield>
               <subfield code="v">Exhibitions.</subfield>
            </datafield>
            <datafield tag="600" ind1="1" ind2="7">
               <subfield code="a">Klint, Hilma af,</subfield>
               <subfield code="d">1862-1944</subfield>
               <subfield code="2">fast</subfield>
               <subfield code="0">(OCoLC)fst00294414</subfield>
            </datafield>
            <datafield tag="650" ind1=" " ind2="0">
               <subfield code="a">Painters</subfield>
               <subfield code="z">Sweden</subfield>
               <subfield code="v">Exhibitions.</subfield>
            </datafield>
            <datafield tag="650" ind1=" " ind2="0">
               <subfield code="a">Painting, Swedish</subfield>
               <subfield code="v">Exhibitions.</subfield>
            </datafield>
            <datafield tag="650" ind1=" " ind2="7">
               <subfield code="a">Painters.</subfield>
               <subfield code="2">fast</subfield>
               <subfield code="0">(OCoLC)fst01050530</subfield>
            </datafield>
            <datafield tag="650" ind1=" " ind2="7">
               <subfield code="a">Painting, Swedish.</subfield>
               <subfield code="2">fast</subfield>
               <subfield code="0">(OCoLC)fst01051118</subfield>
            </datafield>
            <datafield tag="651" ind1=" " ind2="7">
               <subfield code="a">Sweden.</subfield>
               <subfield code="2">fast</subfield>
               <subfield code="0">(OCoLC)fst01204537</subfield>
            </datafield>
            <datafield tag="655" ind1=" " ind2="7">
               <subfield code="a">Exhibition catalogs.</subfield>
               <subfield code="2">fast</subfield>
               <subfield code="0">(OCoLC)fst01424028</subfield>
            </datafield>
            <datafield tag="700" ind1="1" ind2=" ">
               <subfield code="a">Enderby, Emma,</subfield>
               <subfield code="e">editor,</subfield>
               <subfield code="e">author.</subfield>
            </datafield>
            <datafield tag="700" ind1="1" ind2=" ">
               <subfield code="a">Blanchflower, Melissa,</subfield>
               <subfield code="e">editor.</subfield>
            </datafield>
            <datafield tag="700" ind1="1" ind2=" ">
               <subfield code="a">Larner, Melissa,</subfield>
               <subfield code="e">editor.</subfield>
            </datafield>
            <datafield tag="700" ind1="1" ind2=" ">
               <subfield code="a">Obrist, Hans Ulrich,</subfield>
               <subfield code="e">writer of foreword.</subfield>
            </datafield>
            <datafield tag="700" ind1="1" ind2=" ">
               <subfield code="a">Peyton-Jones, Julia,</subfield>
               <subfield code="e">writer of foreword.</subfield>
            </datafield>
            <datafield tag="700" ind1="1" ind2=" ">
               <subfield code="a">Birnbaum, Daniel,</subfield>
               <subfield code="d">1963-</subfield>
               <subfield code="e">author.</subfield>
            </datafield>
            <datafield tag="700" ind1="1" ind2=" ">
               <subfield code="a">Higgie, Jennifer,</subfield>
               <subfield code="e">author.</subfield>
            </datafield>
            <datafield tag="700" ind1="1" ind2=" ">
               <subfield code="a">Voss, Julia,</subfield>
               <subfield code="d">1974-</subfield>
               <subfield code="e">author.</subfield>
            </datafield>
            <datafield tag="700" ind1="1" ind2="2">
               <subfield code="a">Klint, Hilma af,</subfield>
               <subfield code="d">1862-1944.</subfield>
               <subfield code="t">Works.</subfield>
               <subfield code="k">Selections.</subfield>
            </datafield>
            <datafield tag="710" ind1="2" ind2=" ">
               <subfield code="a">Serpentine Gallery</subfield>
               <subfield code="e">host institution.</subfield>
            </datafield>
            <datafield tag="999" ind1=" " ind2=" ">
               <subfield code="a">N7093.K63A4 2016</subfield>
               <subfield code="w">LC</subfield>
               <subfield code="c">1</subfield>
               <subfield code="i">000078847828</subfield>
               <subfield code="d">3/29/2022</subfield>
               <subfield code="e">2/10/2022</subfield>
               <subfield code="l">PATTEE-W3</subfield>
               <subfield code="m">UP-PAT</subfield>
               <subfield code="n">9</subfield>
               <subfield code="q">2</subfield>
               <subfield code="r">Y</subfield>
               <subfield code="s">Y</subfield>
               <subfield code="t">BOOK</subfield>
               <subfield code="u">8/9/2016</subfield>
            </datafield>
      </record>
    </metadata>
  </record>