
   <record> 
    <header>
      <identifier>oai:cat.libraries.psu.edu:18158543</identifier> 
      <datestamp>2022-12-16</datestamp>
      <setSpec>BOOK</setSpec> 
    </header>
    <metadata>
      <record xmlns="http://www.loc.gov/MARC21/slim" xsi:schemaLocation="http://www.loc.gov/MARC21/slim http://www.loc.gov/standards/marcxml/schema/MARC21slim.xsd" type="Bibliographic">
         <leader>     cam  22      i 4500</leader>
         <controlfield tag="008">160408t20162016au a     bc   000 0deng c</controlfield>
            <datafield tag="020" ind1=" " ind2=" ">
               <subfield code="a">9783775741019</subfield>
               <subfield code="q">English edition :</subfield>
               <subfield code="q">hardback</subfield>
            </datafield>
            <datafield tag="020" ind1=" " ind2=" ">
               <subfield code="a">3775741011</subfield>
               <subfield code="q">English edition :</subfield>
               <subfield code="q">hardback</subfield>
            </datafield>
            <datafield tag="020" ind1=" " ind2=" ">
               <subfield code="a">9783775741002</subfield>
            </datafield>
            <datafield tag="020" ind1=" " ind2=" ">
               <subfield code="a">3775741003</subfield>
            </datafield>
            <datafield tag="024" ind1="3" ind2=" ">
               <subfield code="a">9783775741019</subfield>
            </datafield>
            <datafield tag="041" ind1="1" ind2=" ">
               <subfield code="a">eng</subfield>
               <subfield code="h">ger</subfield>
            </datafield>
            <datafield tag="050" ind1=" " ind2="4">
               <subfield code="a">N6888.K43</subfield>
               <subfield code="b">A4 2016</subfield>
            </datafield>
            <datafield tag="245" ind1="0" ind2="0">
               <subfield code="a">Anselm Kiefer :</subfield>
               <subfield code="b">the woodcuts /</subfield>
               <subfield code="c">edited by Antonia Hoerschelmann ; foreword by Klaus Albrecht Schröder and contributions by Antonia Hoerschelmann, Peter Sloterdijk and Werner Spies ; translations: John W. Gabriel [and 3 others].</subfield>
            </datafield>
            <datafield tag="264" ind1=" " ind2="1">
               <subfield code="a">Vienna :</subfield>
               <subfield code="b">Albertina ;</subfield>
               <subfield code="a">Ostfildern :</subfield>
               <subfield code="b">Hatje Cantz,</subfield>
               <subfield code="c">[2016]</subfield>
            </datafield>
            <datafield tag="264" ind1=" " ind2="4">
               <subfield code="c">©2016</subfield>
            </datafield>
            <datafield tag="300" ind1=" " ind2=" ">
               <subfield code="a">159 pages :</subfield>
               <subfield code="b">illustrations (chiefly color) ;</subfield>
               <subfield code="c">31 cm.</subfield>
            </datafield>
            <datafield tag="490" ind1="1" ind2=" ">
               <subfield code="a">Ausstellung der Albertina ;</subfield>
               <subfield code="v">522</subfield>
            </datafield>
            <datafield tag="500" ind1=" " ind2=" ">
               <subfield code="a">Exhibition catalog.</subfield>
            </datafield>
            <datafield tag="500" ind1=" " ind2=" ">
               <subfield code="a">On the occasion of an exhibition held at Albertina, Vienna, March 18 - June 19, 2016.</subfield>
            </datafield>
            <datafield tag="504" ind1=" " ind2=" ">
               <subfield code="a">Includes bibliographical references.</subfield>
            </datafield>
            <datafield tag="505" ind1="0" ind2=" ">
               <subfield code="a">Machine generated contents note: In the Smoking Charcoal Kiln of History / Werner Spies -- Works and Nights: On Art after Modernism / Peter Sloterdijk -- Anselm Kiefer: The Woodcuts On the Trail of an Encounter / Antonia Hoerschelmann -- Catalogue -- Brunhilde -- Grane -- Ways of Worldly Wisdom: The Battle of Hermann -- The Rhine -- Letter to Henri Loyrette / Anselm Kiefer -- For Robert Fludd.</subfield>
            </datafield>
            <datafield tag="600" ind1="1" ind2="0">
               <subfield code="a">Kiefer, Anselm,</subfield>
               <subfield code="d">1945-</subfield>
               <subfield code="v">Exhibitions.</subfield>
            </datafield>
            <datafield tag="600" ind1="1" ind2="7">
               <subfield code="a">Kiefer, Anselm,</subfield>
               <subfield code="d">1945-</subfield>
               <subfield code="2">fast</subfield>
               <subfield code="0">(OCoLC)fst00033236</subfield>
            </datafield>
            <datafield tag="655" ind1=" " ind2="7">
               <subfield code="a">Exhibition catalogs.</subfield>
               <subfield code="2">fast</subfield>
               <subfield code="0">(OCoLC)fst01424028</subfield>
            </datafield>
            <datafield tag="700" ind1="1" ind2=" ">
               <subfield code="a">Kiefer, Anselm,</subfield>
               <subfield code="d">1945-</subfield>
               <subfield code="e">artist.</subfield>
            </datafield>
            <datafield tag="700" ind1="1" ind2=" ">
               <subfield code="a">Hoerschelmann, Antonia,</subfield>
               <subfield code="e">editor,</subfield>
               <subfield code="e">writer of essay.</subfield>
            </datafield>
            <datafield tag="700" ind1="1" ind2=" ">
               <subfield code="a">Sloterdijk, Peter,</subfield>
               <subfield code="d">1947-</subfield>
               <subfield code="e">writer of essay.</subfield>
            </datafield>
            <datafield tag="700" ind1="1" ind2=" ">
               <subfield code="a">Spies, Werner,</subfield>
               <subfield code="d">1937-</subfield>
               <subfield code="e">writer of essay.</subfield>
            </datafield>
            <datafield tag="700" ind1="1" ind2=" ">
               <subfield code="a">Gabriel, John William,</subfield>
               <subfield code="e">translator.</subfield>
            </datafield>
            <datafield tag="710" ind1="2" ind2=" ">
               <subfield code="a">Graphische Sammlung Albertina,</subfield>
               <subfield code="e">host institution.</subfield>
            </datafield>
            <datafield tag="830" ind1=" " ind2="0">
               <subfield code="a">Ausstellung der Albertina ;</subfield>
               <subfield code="v">522.</subfield>
            </datafield>
            <datafield tag="999" ind1=" " ind2=" ">
               <subfield code="a">N6888.K43A4 2016</subfield>
               <subfield code="w">LC</subfield>
               <subfield code="c">1</subfield>
               <subfield code="i">000079030373</subfield>
               <subfield code="d">9/26/2020</subfield>
               <subfield code="e">2/14/2020</subfield>
               <subfield code="l">PATTEE-W3</subfield>
               <subfield code="m">UP-PAT</subfield>
               <subfield code="n">3</subfield>
               <subfield code="r">Y</subfield>
               <subfield code="s">Y</subfield>
               <subfield code="t">BOOK</subfield>
               <subfield code="u">8/9/2016</subfield>
            </datafield>
      </record>
    </metadata>
  </record>