
   <record> 
    <header>
      <identifier>oai:cat.libraries.psu.edu:18158544</identifier> 
      <datestamp>2022-12-16</datestamp>
      <setSpec>BOOK</setSpec> 
    </header>
    <metadata>
      <record xmlns="http://www.loc.gov/MARC21/slim" xsi:schemaLocation="http://www.loc.gov/MARC21/slim http://www.loc.gov/standards/marcxml/schema/MARC21slim.xsd" type="Bibliographic">
         <leader>     cam  22     7i 4500</leader>
         <controlfield tag="008">160411s2016    miu      b    001 0 eng c</controlfield>
            <datafield tag="020" ind1=" " ind2=" ">
               <subfield code="a">0472036688</subfield>
            </datafield>
            <datafield tag="020" ind1=" " ind2=" ">
               <subfield code="a">9780472036684</subfield>
            </datafield>
            <datafield tag="050" ind1=" " ind2="4">
               <subfield code="a">PE1478</subfield>
               <subfield code="b">.S86 2016</subfield>
            </datafield>
            <datafield tag="245" ind1="0" ind2="0">
               <subfield code="a">Supporting graduate student writers :</subfield>
               <subfield code="b">research, curriculum, and program design.</subfield>
            </datafield>
            <datafield tag="264" ind1=" " ind2="1">
               <subfield code="a">Ann Arbor :</subfield>
               <subfield code="b">University of Michigan Press,</subfield>
               <subfield code="c">[2016]</subfield>
            </datafield>
            <datafield tag="300" ind1=" " ind2=" ">
               <subfield code="a">x, 310 pages ;</subfield>
               <subfield code="c">23 cm</subfield>
            </datafield>
            <datafield tag="500" ind1=" " ind2=" ">
               <subfield code="a">&quot;The idea for this book developed from an invited colloquium on graduate writing support at the 2014 Symposium on Second Language Writing at Arizona State University (Tempe, AZ)&quot;--Page v.</subfield>
            </datafield>
            <datafield tag="504" ind1=" " ind2=" ">
               <subfield code="a">Includes bibliographical references and index.</subfield>
            </datafield>
            <datafield tag="505" ind1="0" ind2=" ">
               <subfield code="a">New frontiers in graduate writing support and program design / Steve Simpson, New Mexico Tech, U.S.A. -- Part 1. Graduate student writing support: what do we know? What do we need to know?. Chapter 1. The state of graduate communication support: results of an international survey / Nigel A. Caplan, University of Delaware, U.S.A., Michelle Cox, Cornell University, U.S.A. ;  Chapter 2. Uncovering challenges and pedagogical complications in dissertation writing and supervisory practices: a multimethod study of doctoral students and advisors / Paul M. Rogers, George Mason University, U.S.A., Terry Myers Zawacki, George Mason University, U.S.A., Sarah E. Baker, George Mason University, U.S.A. ; Chapter 3. More than language: graduate student writing as &quot;disciplinary becoming&quot; / Mary Jane Curry, University of Rochester, U.S.A. ; Chapter 4. What advisors need to know about about the invisible &quot;real-life&quot; struggles of doctoral dissertation writers / Christine Pearson Casanave, Temple University, Japan Campus -- Part 2. Issues in graduate program and curriculum design. Chapter 5. Graduate pathway programs as sites for strategic, language-supported internationalization: four pedagogical innovations / Karyn E. Mallet, George Mason University, U.S.A., Jennifer Haan, University of Daytong, U.S.A., Anna Sophia Habib, George Mason University, U.S.A. ; Chapter 6. Going beyond L2 graduate writing: redesigning an ESL program to meet the needs of both L2 and L1 graduate students / Katya Fairbanks, Caremont Graduate University, U.S.A., Shamini Dias, Claremont Graduate University, U.S.A. ; Chapter 7. Writing center support for graduate students: an integrated model / Talinn Phillips, Ohio University, U.S.A. ; Chapter 8. Leveraging development grants to create graduate writing support at three Hispanic-serving institutions / Steve Simpson, New Mexico Tech, U.S.A., Todd Ruecker, University of New Mexico, U.S.A., Denise Carrejo, The University of Texas at El Paso, U.S.A., Benjamin C. Flores, The University of Texas at El Paso, U.S.A., Henry C. Gonzalez, University of New Mexico, U.S.A. ; Chapter 9. Graduate writing instruction: a cautionary tale / Christine Jensen Sundstrom, University of Kansas, U.S.A. -- Part 3. Program profiles. Chapter 10. A model of integration and engagement for International students in professional programs: the University of Delaware Graduate Cohort Program / Michael Fields, University of Delaware, U.S.A., Scott Stevens, University of Delaware, U.S.A., Sarah Cherian, University of Delaware, U.S.A., Karen Asenavage, University of Delaware, U.S.A. ; Chapter 11. Designing and building a graduate communication program at University of Toronto, Jame Freeman, University of Toronto, Canada ; Chapter 12. Written and oral communication skills support for PhD. students at the University of New South Wales / Sue Starfield, University of New South Wales, Australia, Pamela Mort, University of New South Wales, Australia ; Chapter 3. Facilitating writing in the ension between the quasi-generic and the multidisciplinary: Chalmers University of Technology / Maguns Gustafson, Chambers University of Technology, Sweden, Andreas Erikson, Chambers University of Technology, Sweden, Anna Karlson, Gothenburg University, Sweden ; Chapter 14. Supporting graduate and professional communications: Yale University Language Programs, James Tierney, Yale University, U.S.A. -- Conclusion. Essential questions for program and pedagogical development / Steve Simpson, New Mexico Tech, U.S.A.</subfield>
            </datafield>
            <datafield tag="650" ind1=" " ind2="0">
               <subfield code="a">Report writing</subfield>
               <subfield code="x">Study and teaching (Higher)</subfield>
            </datafield>
            <datafield tag="650" ind1=" " ind2="0">
               <subfield code="a">Academic writing</subfield>
               <subfield code="x">Study and teaching (Higher)</subfield>
            </datafield>
            <datafield tag="650" ind1=" " ind2="0">
               <subfield code="a">Writing centers.</subfield>
            </datafield>
            <datafield tag="650" ind1=" " ind2="0">
               <subfield code="a">Graduate students.</subfield>
            </datafield>
            <datafield tag="650" ind1=" " ind2="0">
               <subfield code="a">Second language acquisition</subfield>
               <subfield code="v">Congresses.</subfield>
            </datafield>
            <datafield tag="650" ind1=" " ind2="7">
               <subfield code="a">Academic writing</subfield>
               <subfield code="x">Study and teaching (Higher)</subfield>
               <subfield code="2">fast</subfield>
               <subfield code="0">(OCoLC)fst00795109</subfield>
            </datafield>
            <datafield tag="650" ind1=" " ind2="7">
               <subfield code="a">Graduate students.</subfield>
               <subfield code="2">fast</subfield>
               <subfield code="0">(OCoLC)fst00945822</subfield>
            </datafield>
            <datafield tag="650" ind1=" " ind2="7">
               <subfield code="a">Report writing</subfield>
               <subfield code="x">Study and teaching (Higher)</subfield>
               <subfield code="2">fast</subfield>
               <subfield code="0">(OCoLC)fst01094861</subfield>
            </datafield>
            <datafield tag="650" ind1=" " ind2="7">
               <subfield code="a">Second language acquisition.</subfield>
               <subfield code="2">fast</subfield>
               <subfield code="0">(OCoLC)fst01110576</subfield>
            </datafield>
            <datafield tag="650" ind1=" " ind2="7">
               <subfield code="a">Writing centers.</subfield>
               <subfield code="2">fast</subfield>
               <subfield code="0">(OCoLC)fst01181670</subfield>
            </datafield>
            <datafield tag="655" ind1=" " ind2="7">
               <subfield code="a">Conference papers and proceedings.</subfield>
               <subfield code="2">fast</subfield>
               <subfield code="0">(OCoLC)fst01423772</subfield>
            </datafield>
            <datafield tag="700" ind1="1" ind2=" ">
               <subfield code="i">Container of:</subfield>
               <subfield code="a">Simpson, Steve</subfield>
               <subfield code="c">(Assistant professor of communication).</subfield>
               <subfield code="t">New frontiers in graduate writing support and program design.</subfield>
            </datafield>
            <datafield tag="999" ind1=" " ind2=" ">
               <subfield code="a">PE1478.S86 2016</subfield>
               <subfield code="w">LC</subfield>
               <subfield code="c">1</subfield>
               <subfield code="i">000079030823</subfield>
               <subfield code="d">6/8/2022</subfield>
               <subfield code="e">5/5/2022</subfield>
               <subfield code="l">PATTEE-2</subfield>
               <subfield code="m">UP-PAT</subfield>
               <subfield code="n">3</subfield>
               <subfield code="r">Y</subfield>
               <subfield code="s">Y</subfield>
               <subfield code="t">BOOK</subfield>
               <subfield code="u">8/9/2016</subfield>
            </datafield>
      </record>
    </metadata>
  </record>