
   <record> 
    <header>
      <identifier>oai:cat.libraries.psu.edu:18158545</identifier> 
      <datestamp>2022-12-16</datestamp>
      <setSpec>BOOK</setSpec> 
    </header>
    <metadata>
      <record xmlns="http://www.loc.gov/MARC21/slim" xsi:schemaLocation="http://www.loc.gov/MARC21/slim http://www.loc.gov/standards/marcxml/schema/MARC21slim.xsd" type="Bibliographic">
         <leader>     cam  22     Ii 4500</leader>
         <controlfield tag="008">160616t20162016enk      b    001 0 eng d</controlfield>
            <datafield tag="010" ind1=" " ind2=" ">
               <subfield code="a">  2016388091</subfield>
            </datafield>
            <datafield tag="020" ind1=" " ind2=" ">
               <subfield code="a">9781138211162</subfield>
            </datafield>
            <datafield tag="020" ind1=" " ind2=" ">
               <subfield code="a">1138211168</subfield>
            </datafield>
            <datafield tag="024" ind1="3" ind2=" ">
               <subfield code="a">9781138211162</subfield>
            </datafield>
            <datafield tag="035" ind1=" " ind2=" ">
               <subfield code="a">(OCoLC)948089995</subfield>
            </datafield>
            <datafield tag="050" ind1="0" ind2="0">
               <subfield code="a">HM851</subfield>
               <subfield code="b">.I549 2016</subfield>
            </datafield>
            <datafield tag="082" ind1="0" ind2="0">
               <subfield code="a">303.48/330951</subfield>
               <subfield code="2">23</subfield>
            </datafield>
            <datafield tag="100" ind1="1" ind2=" ">
               <subfield code="a">Inkster, Nigel,</subfield>
               <subfield code="e">author.</subfield>
               <subfield code="0">http://id.loc.gov/authorities/names/no2012061660</subfield>
            </datafield>
            <datafield tag="245" ind1="1" ind2="0">
               <subfield code="a">China's cyber power /</subfield>
               <subfield code="c">Nigel Inkster.</subfield>
            </datafield>
            <datafield tag="264" ind1=" " ind2="1">
               <subfield code="a">Abingdon :</subfield>
               <subfield code="b">Routledge ;</subfield>
               <subfield code="a">London :</subfield>
               <subfield code="b">The International Institute for Strategic Studies,</subfield>
               <subfield code="c">2016.</subfield>
            </datafield>
            <datafield tag="264" ind1=" " ind2="4">
               <subfield code="c">©2016</subfield>
            </datafield>
            <datafield tag="300" ind1=" " ind2=" ">
               <subfield code="a">155 pages ;</subfield>
               <subfield code="c">24 cm.</subfield>
            </datafield>
            <datafield tag="490" ind1="1" ind2=" ">
               <subfield code="a">Adelphi,</subfield>
               <subfield code="x">1944-5571 ;</subfield>
               <subfield code="v">456</subfield>
            </datafield>
            <datafield tag="504" ind1=" " ind2=" ">
               <subfield code="a">Includes bibliographical references and index.</subfield>
            </datafield>
            <datafield tag="505" ind1="0" ind2=" ">
               <subfield code="a">Evolution of the Chinese internet: freedom and control -- Cyber espionage -- Military cyber capabilities -- Battle for the soul of the internet.</subfield>
            </datafield>
            <datafield tag="520" ind1=" " ind2=" ">
               <subfield code="a">&quot;China's emergence as a major global power is reshaping the cyber domain. The country has the world's largest internet-user community, a growing economic footprint and increasingly capable military and intelligence services. Harnessing these assets, it is pursuing a patient, assertive foreign policy that seeks to determine how information and communications technologies are governed and deployed. This policy is likely to have significant normative impact, with potentially adverse implications for a global order that has been shaped by Western liberal democracies. And, even as China goes out into the world, there are signs that new technologies are becoming powerful tools for domestic social control and the suppression of dissent abroad. Western policymakers are struggling to meet this challenge. While there is much potential for good in a self-confident China that is willing to invest in the global commons, there is no guarantee that the country's growth and modernisation will lead inexorably to democratic political reform. This Adelphi book examines the political, historical and cultural development of China's cyber power, in light of its evolving internet, intelligence structures, military capabilities and approach to global governance. As China attempts to gain the economic benefits that come with global connectivity while excluding information seen as a threat to stability, the West will be forced to adjust to a world in which its technological edge is fast eroding and can no longer be taken for granted.&quot; -- Publisher's description</subfield>
            </datafield>
            <datafield tag="650" ind1=" " ind2="0">
               <subfield code="a">Cyberspace</subfield>
               <subfield code="x">Political aspects</subfield>
               <subfield code="z">China.</subfield>
            </datafield>
            <datafield tag="650" ind1=" " ind2="0">
               <subfield code="a">Cyberinfrastructure</subfield>
               <subfield code="z">China.</subfield>
            </datafield>
            <datafield tag="650" ind1=" " ind2="0">
               <subfield code="a">Information technology</subfield>
               <subfield code="x">Government policy</subfield>
               <subfield code="z">China.</subfield>
            </datafield>
            <datafield tag="650" ind1=" " ind2="0">
               <subfield code="a">Cyber intelligence (Computer security)</subfield>
               <subfield code="z">China.</subfield>
            </datafield>
            <datafield tag="650" ind1=" " ind2="0">
               <subfield code="a">Cyberspace operations (Military science)</subfield>
               <subfield code="z">China.</subfield>
            </datafield>
            <datafield tag="650" ind1=" " ind2="0">
               <subfield code="a">Information warfare</subfield>
               <subfield code="z">China.</subfield>
            </datafield>
            <datafield tag="650" ind1=" " ind2="7">
               <subfield code="a">Sécurité informatique.</subfield>
               <subfield code="2">eclas</subfield>
            </datafield>
            <datafield tag="650" ind1=" " ind2="7">
               <subfield code="a">Cyber intelligence (Computer security)</subfield>
               <subfield code="2">fast</subfield>
               <subfield code="0">(OCoLC)fst01893401</subfield>
            </datafield>
            <datafield tag="650" ind1=" " ind2="7">
               <subfield code="a">Cyberinfrastructure.</subfield>
               <subfield code="2">fast</subfield>
               <subfield code="0">(OCoLC)fst01746452</subfield>
            </datafield>
            <datafield tag="650" ind1=" " ind2="7">
               <subfield code="a">Cyberspace operations (Military science)</subfield>
               <subfield code="2">fast</subfield>
               <subfield code="0">(OCoLC)fst01909446</subfield>
            </datafield>
            <datafield tag="650" ind1=" " ind2="7">
               <subfield code="a">Cyberspace</subfield>
               <subfield code="x">Political aspects.</subfield>
               <subfield code="2">fast</subfield>
               <subfield code="0">(OCoLC)fst00885798</subfield>
            </datafield>
            <datafield tag="650" ind1=" " ind2="7">
               <subfield code="a">Diplomatic relations.</subfield>
               <subfield code="2">fast</subfield>
               <subfield code="0">(OCoLC)fst01907412</subfield>
            </datafield>
            <datafield tag="650" ind1=" " ind2="7">
               <subfield code="a">Information technology</subfield>
               <subfield code="x">Government policy.</subfield>
               <subfield code="2">fast</subfield>
               <subfield code="0">(OCoLC)fst00973106</subfield>
            </datafield>
            <datafield tag="650" ind1=" " ind2="7">
               <subfield code="a">Information warfare.</subfield>
               <subfield code="2">fast</subfield>
               <subfield code="0">(OCoLC)fst00973186</subfield>
            </datafield>
            <datafield tag="651" ind1=" " ind2="0">
               <subfield code="a">China</subfield>
               <subfield code="x">Foreign relations.</subfield>
               <subfield code="0">http://id.loc.gov/authorities/subjects/sh85024025</subfield>
            </datafield>
            <datafield tag="651" ind1=" " ind2="7">
               <subfield code="a">Chine.</subfield>
               <subfield code="2">eclas</subfield>
            </datafield>
            <datafield tag="651" ind1=" " ind2="7">
               <subfield code="a">China.</subfield>
               <subfield code="2">fast</subfield>
               <subfield code="0">(OCoLC)fst01206073</subfield>
            </datafield>
            <datafield tag="830" ind1=" " ind2="0">
               <subfield code="a">Adelphi (Series) (International Institute for Strategic Studies) ;</subfield>
               <subfield code="v">456.</subfield>
               <subfield code="0">http://id.loc.gov/authorities/names/no2009087377</subfield>
            </datafield>
            <datafield tag="999" ind1=" " ind2=" ">
               <subfield code="a">HM851.I549 2016</subfield>
               <subfield code="w">LC</subfield>
               <subfield code="c">1</subfield>
               <subfield code="i">000079031042</subfield>
               <subfield code="d">5/23/2019</subfield>
               <subfield code="e">3/10/2019</subfield>
               <subfield code="l">PATERNO-2</subfield>
               <subfield code="m">UP-PAT</subfield>
               <subfield code="n">1</subfield>
               <subfield code="r">Y</subfield>
               <subfield code="s">Y</subfield>
               <subfield code="t">BOOK</subfield>
               <subfield code="u">8/9/2016</subfield>
            </datafield>
      </record>
    </metadata>
  </record>