
   <record> 
    <header>
      <identifier>oai:cat.libraries.psu.edu:18158546</identifier> 
      <datestamp>2022-12-16</datestamp>
      <setSpec>BOOK</setSpec> 
    </header>
    <metadata>
      <record xmlns="http://www.loc.gov/MARC21/slim" xsi:schemaLocation="http://www.loc.gov/MARC21/slim http://www.loc.gov/standards/marcxml/schema/MARC21slim.xsd" type="Bibliographic">
         <leader>     cam  22     Ii 4500</leader>
         <controlfield tag="008">160429t20162016sz ab    b    000 0 eng d</controlfield>
            <datafield tag="020" ind1=" " ind2=" ">
               <subfield code="a">9783037784785</subfield>
               <subfield code="q">(English edition ;</subfield>
               <subfield code="q">hd. bd.)</subfield>
            </datafield>
            <datafield tag="020" ind1=" " ind2=" ">
               <subfield code="a">3037784784</subfield>
               <subfield code="q">(English edition ;</subfield>
               <subfield code="q">hd. bd.)</subfield>
            </datafield>
            <datafield tag="024" ind1="3" ind2=" ">
               <subfield code="a">9783037784785</subfield>
            </datafield>
            <datafield tag="035" ind1=" " ind2=" ">
               <subfield code="a">(OCoLC)948440292</subfield>
            </datafield>
            <datafield tag="041" ind1="1" ind2=" ">
               <subfield code="a">eng</subfield>
               <subfield code="h">ger</subfield>
            </datafield>
            <datafield tag="050" ind1=" " ind2="4">
               <subfield code="a">NA2543.S6</subfield>
               <subfield code="b">B6813x 2016</subfield>
            </datafield>
            <datafield tag="082" ind1="0" ind2="4">
               <subfield code="a">720.1/03094301</subfield>
               <subfield code="2">23</subfield>
            </datafield>
            <datafield tag="100" ind1="1" ind2=" ">
               <subfield code="a">Böttger, Matthias,</subfield>
               <subfield code="d">1974-</subfield>
               <subfield code="e">author.</subfield>
            </datafield>
            <datafield tag="245" ind1="1" ind2="0">
               <subfield code="a">Speculations transformations :</subfield>
               <subfield code="b">thoughts on the future of Germany's cities and regions /</subfield>
               <subfield code="c">Matthias Böttger, Stefan Carsten, Ludwig Engel ; translation (all texts except Bouw and Swyngedouw): Christopher Jenkin-Jones.</subfield>
            </datafield>
            <datafield tag="264" ind1=" " ind2="1">
               <subfield code="a">Zurich :</subfield>
               <subfield code="b">Lars Müller Publishers,</subfield>
               <subfield code="c">[2016]</subfield>
            </datafield>
            <datafield tag="264" ind1=" " ind2="4">
               <subfield code="c">©2016</subfield>
            </datafield>
            <datafield tag="300" ind1=" " ind2=" ">
               <subfield code="a">271 pages :</subfield>
               <subfield code="b">illustrations (chiefly color), maps ;</subfield>
               <subfield code="c">31 cm</subfield>
            </datafield>
            <datafield tag="504" ind1=" " ind2=" ">
               <subfield code="a">Includes bibliographical references.</subfield>
            </datafield>
            <datafield tag="520" ind1="8" ind2=" ">
               <subfield code="a">How are changing conditions in society likely to affect Germany's built environment? What are the catalysts for transformation in its cities and regions? Speculation Transformation is devoted to the social and spatial transformations that Germany will face in the future, speculating on their architectural consequences: What is it like to live in a city where the currency is watts instead of euros? What would happen if Hamburg's harbor were to be filled in as reclaimed land? Who is living in the Maintropolis? What would be the spatial consequences if Germany were to measure its economic strength based on the well-being of its citizens? This publication combines different approaches to a future-oriented, interdisciplinary interpretation of Germany as a human habitat, which help to open up new directions in the design of cities and landscapes. An atlas of architectural culture with contributions by Thomas Auer, Armen Avanessian, Stefan Bergheim, Matthjs Bouw, Armin Linke, Erik Swyngedouw, as well as numerous interviews and memos. On behalf of the German Federal Ministry for the Environment, Nature Conservation, Building and Nuclear Safety (BMUB) and the German Federal Institute for Research on Building, Urban Affairs and Spatial Development (BBSR).</subfield>
            </datafield>
            <datafield tag="650" ind1=" " ind2="0">
               <subfield code="a">Architecture and society</subfield>
               <subfield code="z">Germany</subfield>
               <subfield code="x">Forecasting.</subfield>
            </datafield>
            <datafield tag="650" ind1=" " ind2="0">
               <subfield code="a">City planning</subfield>
               <subfield code="z">Germany</subfield>
               <subfield code="x">Forecasting.</subfield>
            </datafield>
            <datafield tag="700" ind1="1" ind2=" ">
               <subfield code="a">Carsten, Stefan,</subfield>
               <subfield code="e">author.</subfield>
            </datafield>
            <datafield tag="700" ind1="1" ind2=" ">
               <subfield code="a">Engel, Ludwig,</subfield>
               <subfield code="e">author.</subfield>
            </datafield>
            <datafield tag="700" ind1="1" ind2=" ">
               <subfield code="a">Jenkin-Jones, Christopher,</subfield>
               <subfield code="e">translator.</subfield>
            </datafield>
            <datafield tag="999" ind1=" " ind2=" ">
               <subfield code="a">NA2543.S6B6813 2016</subfield>
               <subfield code="w">LC</subfield>
               <subfield code="c">1</subfield>
               <subfield code="i">000079030755</subfield>
               <subfield code="l">STACKS-AC</subfield>
               <subfield code="m">UP-ARCHIT</subfield>
               <subfield code="r">Y</subfield>
               <subfield code="s">Y</subfield>
               <subfield code="t">BOOK</subfield>
               <subfield code="u">8/9/2016</subfield>
            </datafield>
      </record>
    </metadata>
  </record>