
   <record> 
    <header>
      <identifier>oai:cat.libraries.psu.edu:18158548</identifier> 
      <datestamp>2022-12-16</datestamp>
      <setSpec>BOOK</setSpec> 
    </header>
    <metadata>
      <record xmlns="http://www.loc.gov/MARC21/slim" xsi:schemaLocation="http://www.loc.gov/MARC21/slim http://www.loc.gov/standards/marcxml/schema/MARC21slim.xsd" type="Bibliographic">
         <leader>     cam  22     Ii 4500</leader>
         <controlfield tag="008">160503s2016    wiu      b    001 0beng  </controlfield>
            <datafield tag="010" ind1=" " ind2=" ">
               <subfield code="a">  2016018982</subfield>
            </datafield>
            <datafield tag="020" ind1=" " ind2=" ">
               <subfield code="a">9781626006065</subfield>
               <subfield code="q">paperback</subfield>
               <subfield code="q">alkaline paper</subfield>
            </datafield>
            <datafield tag="020" ind1=" " ind2=" ">
               <subfield code="a">1626006067</subfield>
               <subfield code="q">paperback</subfield>
               <subfield code="q">alkaline paper</subfield>
            </datafield>
            <datafield tag="050" ind1="0" ind2="0">
               <subfield code="a">BR1720.A9</subfield>
               <subfield code="b">G53 2016</subfield>
            </datafield>
            <datafield tag="082" ind1="0" ind2="0">
               <subfield code="a">270.2092</subfield>
               <subfield code="a">B</subfield>
               <subfield code="2">23</subfield>
            </datafield>
            <datafield tag="100" ind1="1" ind2=" ">
               <subfield code="a">Ghisalberti, Giosuè,</subfield>
               <subfield code="d">1958-</subfield>
               <subfield code="e">author.</subfield>
            </datafield>
            <datafield tag="245" ind1="1" ind2="0">
               <subfield code="a">Augustine's passions :</subfield>
               <subfield code="b">his transformation from a Roman citizen to a Catholic bishop, 354-401 /</subfield>
               <subfield code="c">Giosuè Ghisalberti.</subfield>
            </datafield>
            <datafield tag="264" ind1=" " ind2="1">
               <subfield code="a">Milwaukee, Wisconsin :</subfield>
               <subfield code="b">Marquette University Press,</subfield>
               <subfield code="c">[2016]</subfield>
            </datafield>
            <datafield tag="300" ind1=" " ind2=" ">
               <subfield code="a">301 pages ;</subfield>
               <subfield code="c">22 cm.</subfield>
            </datafield>
            <datafield tag="490" ind1="1" ind2=" ">
               <subfield code="a">Marquette studies in philosophy ;</subfield>
               <subfield code="v">no. 88</subfield>
            </datafield>
            <datafield tag="504" ind1=" " ind2=" ">
               <subfield code="a">Includes bibliographical references and index.</subfield>
            </datafield>
            <datafield tag="600" ind1="0" ind2="0">
               <subfield code="a">Augustine,</subfield>
               <subfield code="c">of Hippo, Saint,</subfield>
               <subfield code="d">354-430</subfield>
            </datafield>
            <datafield tag="600" ind1="0" ind2="7">
               <subfield code="a">Augustine,</subfield>
               <subfield code="c">of Hippo, Saint,</subfield>
               <subfield code="d">354-430</subfield>
               <subfield code="2">fast</subfield>
               <subfield code="0">(OCoLC)fst00061554</subfield>
            </datafield>
            <datafield tag="650" ind1=" " ind2="0">
               <subfield code="a">Christian saints</subfield>
               <subfield code="z">Algeria</subfield>
               <subfield code="z">Hippo (Extinct city)</subfield>
               <subfield code="v">Biography.</subfield>
            </datafield>
            <datafield tag="650" ind1=" " ind2="7">
               <subfield code="a">Christian saints.</subfield>
               <subfield code="2">fast</subfield>
               <subfield code="0">(OCoLC)fst00859491</subfield>
            </datafield>
            <datafield tag="651" ind1=" " ind2="7">
               <subfield code="a">Algeria</subfield>
               <subfield code="z">Hippo (Extinct city)</subfield>
               <subfield code="2">fast</subfield>
               <subfield code="0">(OCoLC)fst01896881</subfield>
            </datafield>
            <datafield tag="655" ind1=" " ind2="7">
               <subfield code="a">Biography.</subfield>
               <subfield code="2">fast</subfield>
               <subfield code="0">(OCoLC)fst01423686</subfield>
            </datafield>
            <datafield tag="830" ind1=" " ind2="0">
               <subfield code="a">Marquette studies in philosophy ;</subfield>
               <subfield code="v">#88.</subfield>
            </datafield>
            <datafield tag="999" ind1=" " ind2=" ">
               <subfield code="a">BR1720.A9G53 2016</subfield>
               <subfield code="w">LC</subfield>
               <subfield code="c">1</subfield>
               <subfield code="i">000079030366</subfield>
               <subfield code="d">3/1/2017</subfield>
               <subfield code="e">1/25/2017</subfield>
               <subfield code="l">PATTEE-BA</subfield>
               <subfield code="m">UP-PAT</subfield>
               <subfield code="n">1</subfield>
               <subfield code="r">Y</subfield>
               <subfield code="s">Y</subfield>
               <subfield code="t">BOOK</subfield>
               <subfield code="u">8/9/2016</subfield>
            </datafield>
      </record>
    </metadata>
  </record>