
   <record> 
    <header>
      <identifier>oai:cat.libraries.psu.edu:18158549</identifier> 
      <datestamp>2022-12-16</datestamp>
      <setSpec>BOOK</setSpec> 
    </header>
    <metadata>
      <record xmlns="http://www.loc.gov/MARC21/slim" xsi:schemaLocation="http://www.loc.gov/MARC21/slim http://www.loc.gov/standards/marcxml/schema/MARC21slim.xsd" type="Bibliographic">
         <leader>     nam  22      a 4500</leader>
         <controlfield tag="008">160527t20162016gw ab    bc   000 0 eng d</controlfield>
            <datafield tag="020" ind1=" " ind2=" ">
               <subfield code="a">9783775740920</subfield>
               <subfield code="q">(hd.bd.)</subfield>
            </datafield>
            <datafield tag="020" ind1=" " ind2=" ">
               <subfield code="a">3775740929</subfield>
               <subfield code="q">(hd.bd.)</subfield>
            </datafield>
            <datafield tag="024" ind1="3" ind2=" ">
               <subfield code="a">9783775740920</subfield>
            </datafield>
            <datafield tag="035" ind1=" " ind2=" ">
               <subfield code="a">(OCoLC)950887540</subfield>
            </datafield>
            <datafield tag="050" ind1=" " ind2="4">
               <subfield code="a">TR647</subfield>
               <subfield code="b">.S477 2016</subfield>
            </datafield>
            <datafield tag="082" ind1="0" ind2="4">
               <subfield code="a">704.9497914375</subfield>
               <subfield code="2">23</subfield>
            </datafield>
            <datafield tag="100" ind1="1" ind2=" ">
               <subfield code="a">Simon, Taryn,</subfield>
               <subfield code="d">1975-</subfield>
               <subfield code="e">photographer.</subfield>
            </datafield>
            <datafield tag="240" ind1="1" ind2="0">
               <subfield code="a">Photographs.</subfield>
               <subfield code="k">Selections</subfield>
            </datafield>
            <datafield tag="245" ind1="1" ind2="0">
               <subfield code="a">Field guide to birds of the West Indies /</subfield>
               <subfield code="c">Taryn Simon.</subfield>
            </datafield>
            <datafield tag="264" ind1=" " ind2="1">
               <subfield code="a">Ostfildern :</subfield>
               <subfield code="b">Hatje Cantz,</subfield>
               <subfield code="c">[2016]</subfield>
            </datafield>
            <datafield tag="264" ind1=" " ind2="4">
               <subfield code="c">©2016</subfield>
            </datafield>
            <datafield tag="300" ind1=" " ind2=" ">
               <subfield code="a">606 pages :</subfield>
               <subfield code="b">illustrations (some color), maps ;</subfield>
               <subfield code="c">30 cm</subfield>
            </datafield>
            <datafield tag="500" ind1=" " ind2=" ">
               <subfield code="a">Continuation of: Taryn Simon: birds of the West Indies, ISBN: 9783775736633.</subfield>
            </datafield>
            <datafield tag="504" ind1=" " ind2=" ">
               <subfield code="a">Includes bibliographical references.</subfield>
            </datafield>
            <datafield tag="600" ind1="1" ind2="0">
               <subfield code="a">Simon, Taryn,</subfield>
               <subfield code="d">1975-</subfield>
               <subfield code="v">Exhibitions.</subfield>
            </datafield>
            <datafield tag="650" ind1=" " ind2="0">
               <subfield code="a">James Bond films</subfield>
               <subfield code="v">Exhibitions.</subfield>
            </datafield>
            <datafield tag="650" ind1=" " ind2="0">
               <subfield code="a">Photography, Artistic</subfield>
               <subfield code="v">Exhibitions.</subfield>
            </datafield>
            <datafield tag="999" ind1=" " ind2=" ">
               <subfield code="a">TR647.S477 2016</subfield>
               <subfield code="w">LC</subfield>
               <subfield code="c">1</subfield>
               <subfield code="i">000079030229</subfield>
               <subfield code="d">11/9/2016</subfield>
               <subfield code="e">8/24/2016</subfield>
               <subfield code="l">PATTEE-W3</subfield>
               <subfield code="m">UP-PAT</subfield>
               <subfield code="r">Y</subfield>
               <subfield code="s">Y</subfield>
               <subfield code="t">BOOK</subfield>
               <subfield code="u">8/9/2016</subfield>
            </datafield>
      </record>
    </metadata>
  </record>