
   <record> 
    <header>
      <identifier>oai:cat.libraries.psu.edu:1815855</identifier> 
      <datestamp>2022-12-16</datestamp>
      <setSpec>BOOK</setSpec> 
    </header>
    <metadata>
      <record xmlns="http://www.loc.gov/MARC21/slim" xsi:schemaLocation="http://www.loc.gov/MARC21/slim http://www.loc.gov/standards/marcxml/schema/MARC21slim.xsd" type="Bibliographic">
         <leader>     cam  22     Ii 4500</leader>
         <controlfield tag="008">981207t19981998xx       b    000 0 pol d</controlfield>
            <datafield tag="010" ind1=" " ind2=" ">
               <subfield code="a">   98210510</subfield>
            </datafield>
            <datafield tag="020" ind1=" " ind2=" ">
               <subfield code="a">9122018093</subfield>
            </datafield>
            <datafield tag="035" ind1=" " ind2=" ">
               <subfield code="a">LIAS2244907</subfield>
            </datafield>
            <datafield tag="035" ind1=" " ind2=" ">
               <subfield code="a">(OCoLC)39932624</subfield>
            </datafield>
            <datafield tag="041" ind1="0" ind2=" ">
               <subfield code="a">pol</subfield>
               <subfield code="b">eng</subfield>
            </datafield>
            <datafield tag="050" ind1="0" ind2="4">
               <subfield code="a">PN5190.K85</subfield>
               <subfield code="b">K67 1998</subfield>
            </datafield>
            <datafield tag="100" ind1="1" ind2=" ">
               <subfield code="a">Korek, Janusz.</subfield>
            </datafield>
            <datafield tag="245" ind1="1" ind2="0">
               <subfield code="a">Paradoksy paryskiej &quot;Kultury&quot; :</subfield>
               <subfield code="b">ewolucja myśli politycznej w latach 1947-1980 /</subfield>
               <subfield code="c">Janusz Korek.</subfield>
            </datafield>
            <datafield tag="264" ind1=" " ind2="1">
               <subfield code="a">Stockholm, Sweden :</subfield>
               <subfield code="b">Almqvist &amp; Wiksell,</subfield>
               <subfield code="c">[1998]</subfield>
            </datafield>
            <datafield tag="264" ind1=" " ind2="4">
               <subfield code="c">©1998</subfield>
            </datafield>
            <datafield tag="300" ind1=" " ind2=" ">
               <subfield code="a">366 pages ;</subfield>
               <subfield code="c">25 cm.</subfield>
            </datafield>
            <datafield tag="490" ind1="1" ind2=" ">
               <subfield code="a">Acta Universitatis Stockholmiensis</subfield>
            </datafield>
            <datafield tag="490" ind1="1" ind2=" ">
               <subfield code="a">Stockholm Slavic studies ;</subfield>
               <subfield code="v">27</subfield>
            </datafield>
            <datafield tag="504" ind1=" " ind2=" ">
               <subfield code="a">Includes bibliographical references (pages [347]-348) and index.</subfield>
            </datafield>
            <datafield tag="546" ind1=" " ind2=" ">
               <subfield code="a">Summary in English.</subfield>
            </datafield>
            <datafield tag="630" ind1="0" ind2="0">
               <subfield code="a">Kultura (Paris, France)</subfield>
            </datafield>
            <datafield tag="650" ind1=" " ind2="0">
               <subfield code="a">Polish periodicals</subfield>
               <subfield code="z">France</subfield>
               <subfield code="x">Political aspects.</subfield>
            </datafield>
            <datafield tag="650" ind1=" " ind2="0">
               <subfield code="a">Polish people</subfield>
               <subfield code="z">Foreign countries</subfield>
               <subfield code="x">Intellectual life</subfield>
               <subfield code="y">20th century.</subfield>
            </datafield>
            <datafield tag="651" ind1=" " ind2="0">
               <subfield code="a">Poland</subfield>
               <subfield code="x">Intellectual life</subfield>
               <subfield code="y">1945-1989.</subfield>
            </datafield>
            <datafield tag="830" ind1=" " ind2="0">
               <subfield code="a">Acta Universitatis Stockholmiensis.</subfield>
               <subfield code="p">Stockholm Slavic studies ;</subfield>
               <subfield code="v">27.</subfield>
            </datafield>
            <datafield tag="999" ind1=" " ind2=" ">
               <subfield code="a">PG13.S76 no.27</subfield>
               <subfield code="w">LC</subfield>
               <subfield code="c">1</subfield>
               <subfield code="i">000033535760</subfield>
               <subfield code="d">12/7/1998</subfield>
               <subfield code="e">12/21/1998</subfield>
               <subfield code="l">CATO-2</subfield>
               <subfield code="m">UP-ANNEX</subfield>
               <subfield code="r">Y</subfield>
               <subfield code="s">Y</subfield>
               <subfield code="t">BOOK</subfield>
               <subfield code="u">4/13/2001</subfield>
               <subfield code="z">7423</subfield>
            </datafield>
      </record>
    </metadata>
  </record>