
   <record> 
    <header>
      <identifier>oai:cat.libraries.psu.edu:18158550</identifier> 
      <datestamp>2022-12-16</datestamp>
      <setSpec>BOOK</setSpec> 
    </header>
    <metadata>
      <record xmlns="http://www.loc.gov/MARC21/slim" xsi:schemaLocation="http://www.loc.gov/MARC21/slim http://www.loc.gov/standards/marcxml/schema/MARC21slim.xsd" type="Bibliographic">
         <leader>     cam  22      i 4500</leader>
         <controlfield tag="008">150923s2016    ii a     b    001 0 eng d</controlfield>
            <datafield tag="020" ind1=" " ind2=" ">
               <subfield code="a">9780199463749 (hbk.)</subfield>
            </datafield>
            <datafield tag="020" ind1=" " ind2=" ">
               <subfield code="a">0199463743 (hbk.)</subfield>
            </datafield>
            <datafield tag="082" ind1="0" ind2="4">
               <subfield code="a">294.556</subfield>
               <subfield code="2">23</subfield>
            </datafield>
            <datafield tag="245" ind1="0" ind2="0">
               <subfield code="a">Swaminarayan Hinduism :</subfield>
               <subfield code="b">tradition, adaptation and identity /</subfield>
               <subfield code="c">edited by Raymond Brady Williams, Yogi Trivedi.</subfield>
            </datafield>
            <datafield tag="250" ind1=" " ind2=" ">
               <subfield code="a">First edition.</subfield>
            </datafield>
            <datafield tag="264" ind1=" " ind2="1">
               <subfield code="a">New Delhi :</subfield>
               <subfield code="b">Oxford University Press,</subfield>
               <subfield code="c">2016.</subfield>
            </datafield>
            <datafield tag="300" ind1=" " ind2=" ">
               <subfield code="a">xxv, 439 pages :</subfield>
               <subfield code="b">illustrations (black and white, and colour) ;</subfield>
               <subfield code="c">22 cm</subfield>
            </datafield>
            <datafield tag="504" ind1=" " ind2=" ">
               <subfield code="a">Includes bibliographical references and index.</subfield>
            </datafield>
            <datafield tag="505" ind1="0" ind2="0">
               <subfield code="g">I. History. Introduction to history /</subfield>
               <subfield code="r">Raymond Brady Williams --</subfield>
               <subfield code="t">Situating the Swaminarayan tradition in the historiography of modern Hindu reform /</subfield>
               <subfield code="r">Brian A. Hatcher --</subfield>
               <subfield code="t">Sahajanand Swami's language and communication /</subfield>
               <subfield code="r">Makrand Mehta --</subfield>
               <subfield code="t">Gujarati socio-religious context of Swaminarayan devotion and doctrine /</subfield>
               <subfield code="r">Françoise Mallison --</subfield>
               <subfield code="t">Swaminarayan and British contacts in Gujarat in the 1820s /</subfield>
               <subfield code="r">Sadhu Paramtattvadas and Raymond Brady Williams with an Appendix on historical dating by Sadhu Amrutvijaydas --</subfield>
               <subfield code="t">The Swaminarayan ideology and Kolis in Gujarat /</subfield>
               <subfield code="r">Vibhuti Parikh --</subfield>
               <subfield code="t">Sahajanand Swami's approach to caste /</subfield>
               <subfield code="r">Sadhu Mangalnidhidas --</subfield>
               <subfield code="g">II. Theology and literature. Introduction to Theology and literature /</subfield>
               <subfield code="r">Yogi Trivedi --</subfield>
               <subfield code="t">The Swaminarayan commentarial tradition /</subfield>
               <subfield code="r">Arun Brahmbhatt --</subfield>
               <subfield code="t">Akshara and its four forms in Swaminarayan's doctrine /</subfield>
               <subfield code="r">Smit Gadhia --</subfield>
               <subfield code="t">Swaminarayan's Brahmajnana as Aksarabrahma-Parabrahma-Darsanam /</subfield>
               <subfield code="r">Sadhu Bhadreshdas ; translated by Sadhu Aksharananddas --</subfield>
               <subfield code="t">Multivalent Krishna-bhakti in Premanand's poetry /</subfield>
               <subfield code="r">Yogi Trivedi --</subfield>
               <subfield code="t">Brahmanand and his innovations in the Barahmasa genre /</subfield>
               <subfield code="r">Dalpat Rajpurohit --</subfield>
               <subfield code="g">III. The arts and architecture. Introduction to The arts and architecture /</subfield>
               <subfield code="r">Yogi Trivedi --</subfield>
               <subfield code="t">Early Swaminarayan iconography and its relationship to Vaishnavism /</subfield>
               <subfield code="r">Cynthia Packert --</subfield>
               <subfield code="t">Swaminarayan temple building: tradition and innovation /</subfield>
               <subfield code="r">Rabindra Vasavada --</subfield>
               <subfield code="t">The Nagara tradition of temple architecture and 'truth to Shastra' /</subfield>
               <subfield code="r">Adam Hardy --</subfield>
               <subfield code="g">IV. Transnational networks. Introduction to Transnational networks /</subfield>
               <subfield code="r">Raymond Brady Williams --</subfield>
               <subfield code="t">Development of Swaminarayan Hinduism in Uganda and the Kampala Temple /</subfield>
               <subfield code="r">Paddy Musana --</subfield>
               <subfield code="t">Transnational growth of BAPS in East Africa /</subfield>
               <subfield code="r">Sadhu Vivekjivandas with Mahendrabhai Patel and Sadhu Ishwarcharandas --</subfield>
               <subfield code="t">Terrorism and interfaith relations at Swaminarayan Akshardham in Gandhinagar /</subfield>
               <subfield code="r">Sadhu Brahmaviharidas --</subfield>
               <subfield code="t">Construction of the BAPS Swaminarayan Temple in Chino Hills, California: a case study in interfaith bridge-building /</subfield>
               <subfield code="r">Kalpesh Bhatt --</subfield>
               <subfield code="t">Thinking through Akshardham and the making of the Swaminarayan self /</subfield>
               <subfield code="r">Hanna Kim --</subfield>
               <subfield code="t">Swaminarayan (BAPS) identity formation in virtual transnationalism /</subfield>
               <subfield code="r">Andrew Kunze.</subfield>
            </datafield>
            <datafield tag="600" ind1="0" ind2="0">
               <subfield code="a">Sahajānanda,</subfield>
               <subfield code="c">Swami,</subfield>
               <subfield code="d">1781-1830.</subfield>
            </datafield>
            <datafield tag="600" ind1="0" ind2="7">
               <subfield code="a">Sahajānanda,</subfield>
               <subfield code="c">Swami,</subfield>
               <subfield code="d">1781-1830.</subfield>
               <subfield code="2">fast</subfield>
               <subfield code="0">(OCoLC)fst00078978</subfield>
            </datafield>
            <datafield tag="650" ind1=" " ind2="0">
               <subfield code="a">Swami-Narayanis.</subfield>
            </datafield>
            <datafield tag="650" ind1=" " ind2="7">
               <subfield code="a">Swami-Narayanis.</subfield>
               <subfield code="2">fast</subfield>
               <subfield code="0">(OCoLC)fst01139909</subfield>
            </datafield>
            <datafield tag="700" ind1="1" ind2=" ">
               <subfield code="a">Williams, Raymond Brady,</subfield>
               <subfield code="e">editor.</subfield>
            </datafield>
            <datafield tag="700" ind1="1" ind2=" ">
               <subfield code="a">Trivedi, Yogi,</subfield>
               <subfield code="e">editor.</subfield>
            </datafield>
            <datafield tag="999" ind1=" " ind2=" ">
               <subfield code="a">BL1289.24.S8 2016</subfield>
               <subfield code="w">LC</subfield>
               <subfield code="c">1</subfield>
               <subfield code="i">000078510227</subfield>
               <subfield code="d">2/22/2017</subfield>
               <subfield code="e">8/23/2016</subfield>
               <subfield code="l">PATTEE-BA</subfield>
               <subfield code="m">UP-PAT</subfield>
               <subfield code="q">1</subfield>
               <subfield code="r">Y</subfield>
               <subfield code="s">Y</subfield>
               <subfield code="t">BOOK</subfield>
               <subfield code="u">8/9/2016</subfield>
            </datafield>
      </record>
    </metadata>
  </record>