
   <record> 
    <header>
      <identifier>oai:cat.libraries.psu.edu:18158552</identifier> 
      <datestamp>2022-12-16</datestamp>
      <setSpec>BOOK</setSpec> 
    </header>
    <metadata>
      <record xmlns="http://www.loc.gov/MARC21/slim" xsi:schemaLocation="http://www.loc.gov/MARC21/slim http://www.loc.gov/standards/marcxml/schema/MARC21slim.xsd" type="Bibliographic">
         <leader>     cam  22      i 4500</leader>
         <controlfield tag="008">160525s2016    nyu      b    001 0 eng  </controlfield>
            <datafield tag="010" ind1=" " ind2=" ">
               <subfield code="a">  2016015808</subfield>
            </datafield>
            <datafield tag="020" ind1=" " ind2=" ">
               <subfield code="a">9780807756782</subfield>
               <subfield code="q">paperback ;</subfield>
               <subfield code="q">alkaline paper</subfield>
            </datafield>
            <datafield tag="020" ind1=" " ind2=" ">
               <subfield code="a">0807756784</subfield>
               <subfield code="q">paperback ;</subfield>
               <subfield code="q">alkaline paper</subfield>
            </datafield>
            <datafield tag="020" ind1=" " ind2=" ">
               <subfield code="a">9780807756799</subfield>
               <subfield code="q">hardcover ;</subfield>
               <subfield code="q">alkaline paper</subfield>
            </datafield>
            <datafield tag="020" ind1=" " ind2=" ">
               <subfield code="a">0807756792</subfield>
               <subfield code="q">hardcover ;</subfield>
               <subfield code="q">alkaline paper</subfield>
            </datafield>
            <datafield tag="050" ind1="0" ind2="0">
               <subfield code="a">LB1570</subfield>
               <subfield code="b">.A94 2016</subfield>
            </datafield>
            <datafield tag="082" ind1="0" ind2="0">
               <subfield code="a">375/.001</subfield>
               <subfield code="2">23</subfield>
            </datafield>
            <datafield tag="100" ind1="1" ind2=" ">
               <subfield code="a">Au, Wayne,</subfield>
               <subfield code="d">1972-</subfield>
               <subfield code="e">author.</subfield>
            </datafield>
            <datafield tag="245" ind1="1" ind2="0">
               <subfield code="a">Reclaiming the multicultural roots of U.S. curriculum :</subfield>
               <subfield code="b">communities of color and official knowledge in education /</subfield>
               <subfield code="c">Wayne Au, Anthony L. Brown, Dolores Calderón ; afterword by Michael Dumas.</subfield>
            </datafield>
            <datafield tag="264" ind1=" " ind2="1">
               <subfield code="a">New York, NY :</subfield>
               <subfield code="b">Teachers College Press,</subfield>
               <subfield code="c">[2016]</subfield>
            </datafield>
            <datafield tag="300" ind1=" " ind2=" ">
               <subfield code="a">xii, 179 pages ;</subfield>
               <subfield code="c">23 cm.</subfield>
            </datafield>
            <datafield tag="490" ind1="1" ind2=" ">
               <subfield code="a">Multicultural education series</subfield>
            </datafield>
            <datafield tag="504" ind1=" " ind2=" ">
               <subfield code="a">Includes bibliographical references and index.</subfield>
            </datafield>
            <datafield tag="505" ind1="0" ind2=" ">
               <subfield code="a">Machine generated contents note: 1.The Peculiar Sensation of Curriculum History: Challenging the Canon of Curriculum Studies -- Understanding the Context of Curricular Silence -- The Master Narrative at the Foundation of Curriculum Studies -- Digging in the Crates: A Guiding Metaphor to Critical Revisionist Curricular History -- Theoretical Lenses -- The Chapters -- 2.Education for Colonization or Education for Self-Determination? Early Struggles over Native American Curricular Sovereignty -- Indigenous Curriculum for All of Time -- The Advent of &quot;Indian Education&quot; Under the Federal Indian Policies of the United States -- Curricular Genocide and Curricular Self-Determination: The Challenges of Native Curricular Discourse -- Curricular Discourse During Colonial Times -- Curricular Self-Determination in the Context of Colonization -- Federal Off-Reservation Boarding Schools -- Curricular Genocide and the Assault on Indian Identity -- Rebelling Against Curricular Genocide -- Reappropriation, Survival, and National Resistance Through Schooling -- Indian Education and the Progressive Era of Curriculum Reform -- Conclusion -- 3.Cultural Maintenance or &quot;Americanization&quot;? Transnational Curriculum and the &quot;Problem&quot; of Chinese American and Japanese American Education in the Early 20th Century -- Asian America and the Focus of this Chapter -- Historical Context for Chinese and Japanese American Curricular Discourse -- Early Chinese American Transnational Curricular Discourse -- Early Japanese American Transnational Curricular Discourse -- Conclusion -- 4.Colonial Legacies: Shaping the Early Mexican American Discourse in Texas and New Mexico -- Mexican Americans and the Focus of This Chapter -- Colonial Origins of Mexican American Curricular Discourse -- The Context of New Mexico -- The Context of Texas -- Mexican American Racial Ambiguity and the Impact on Schooling -- From Colonization to Segregation in Schools: Two Sides of the Same Coin -- Eugenics, IQ Testing, and the Segregation of Mexicans and Mexican Americans -- Challenging and Resisting Segregated Schooling -- Early Life and Educational Trajectory of George I. Sanchez -- The Many Influences on the Work and Life of George I. Sanchez -- Conclusion -- 5.African American Curriculum History: A Revisionist Racial Project -- The Context of African American Curricular Revision -- The Nadir: Theology, Science, and Curriculum -- African American Image Making and the U.S. Curriculum -- Children's Literature and the Curriculum of Race Making -- Textbooks and Race Making -- Reconstructing the &quot;Negro&quot;: A Revisionist Ontological Project -- Journal of Negro Education as Countercurricular Space -- The Critical Appraisals of the Journal of Negro Education -- Against Anti-Black Curriculum: Textbooks, Encyclopedias, and Children's Literature -- Concluding Thoughts on African American Curricular History -- 6.Conclusion.</subfield>
            </datafield>
            <datafield tag="650" ind1=" " ind2="0">
               <subfield code="a">Education</subfield>
               <subfield code="x">Curricula</subfield>
               <subfield code="x">Social aspects</subfield>
               <subfield code="z">United States.</subfield>
            </datafield>
            <datafield tag="650" ind1=" " ind2="0">
               <subfield code="a">Curriculum change</subfield>
               <subfield code="z">United States.</subfield>
            </datafield>
            <datafield tag="650" ind1=" " ind2="0">
               <subfield code="a">Multicultural education</subfield>
               <subfield code="z">United States.</subfield>
            </datafield>
            <datafield tag="650" ind1=" " ind2="7">
               <subfield code="a">Curriculum change.</subfield>
               <subfield code="2">fast</subfield>
               <subfield code="0">(OCoLC)fst00885362</subfield>
            </datafield>
            <datafield tag="650" ind1=" " ind2="7">
               <subfield code="a">Education</subfield>
               <subfield code="x">Curricula</subfield>
               <subfield code="x">Social aspects.</subfield>
               <subfield code="2">fast</subfield>
               <subfield code="0">(OCoLC)fst00902573</subfield>
            </datafield>
            <datafield tag="650" ind1=" " ind2="7">
               <subfield code="a">Multicultural education.</subfield>
               <subfield code="2">fast</subfield>
               <subfield code="0">(OCoLC)fst01028816</subfield>
            </datafield>
            <datafield tag="651" ind1=" " ind2="7">
               <subfield code="a">United States.</subfield>
               <subfield code="2">fast</subfield>
               <subfield code="0">(OCoLC)fst01204155</subfield>
            </datafield>
            <datafield tag="700" ind1="1" ind2=" ">
               <subfield code="a">Brown, Anthony Lamar,</subfield>
               <subfield code="e">author.</subfield>
            </datafield>
            <datafield tag="700" ind1="1" ind2=" ">
               <subfield code="a">Aramoni Calderón, Dolores,</subfield>
               <subfield code="e">author.</subfield>
            </datafield>
            <datafield tag="776" ind1="0" ind2="8">
               <subfield code="i">Online version:</subfield>
               <subfield code="a">Au, Wayne, 1972- author.</subfield>
               <subfield code="t">Reclaiming the multicultural roots of U.S. curriculum.</subfield>
               <subfield code="d">New York, NY : Teachers College Press, 2016</subfield>
               <subfield code="z">9780807773932</subfield>
               <subfield code="w">(DLC)  2016027372</subfield>
            </datafield>
            <datafield tag="830" ind1=" " ind2="0">
               <subfield code="a">Multicultural education series (New York, N.Y.)</subfield>
            </datafield>
            <datafield tag="999" ind1=" " ind2=" ">
               <subfield code="a">LB1570.A94 2016</subfield>
               <subfield code="w">LC</subfield>
               <subfield code="c">1</subfield>
               <subfield code="i">000079030830</subfield>
               <subfield code="d">8/24/2021</subfield>
               <subfield code="e">8/24/2021</subfield>
               <subfield code="k">RESERVE-PA</subfield>
               <subfield code="l">PATERNO-3</subfield>
               <subfield code="m">UP-PAT</subfield>
               <subfield code="n">7</subfield>
               <subfield code="r">Y</subfield>
               <subfield code="s">Y</subfield>
               <subfield code="t">BOOK</subfield>
               <subfield code="u">8/9/2016</subfield>
            </datafield>
      </record>
    </metadata>
  </record>