
   <record> 
    <header>
      <identifier>oai:cat.libraries.psu.edu:18158553</identifier> 
      <datestamp>2022-12-16</datestamp>
      <setSpec>BOOK</setSpec> 
    </header>
    <metadata>
      <record xmlns="http://www.loc.gov/MARC21/slim" xsi:schemaLocation="http://www.loc.gov/MARC21/slim http://www.loc.gov/standards/marcxml/schema/MARC21slim.xsd" type="Bibliographic">
         <leader>     cam  22      i 4500</leader>
         <controlfield tag="008">160513t20162016enka     b    001 0 eng  </controlfield>
            <datafield tag="010" ind1=" " ind2=" ">
               <subfield code="a">  2015049697</subfield>
            </datafield>
            <datafield tag="020" ind1=" " ind2=" ">
               <subfield code="a">9781138934016</subfield>
               <subfield code="q">(hardback)</subfield>
            </datafield>
            <datafield tag="020" ind1=" " ind2=" ">
               <subfield code="a">1138934011</subfield>
               <subfield code="q">(hardback)</subfield>
            </datafield>
            <datafield tag="050" ind1="0" ind2="0">
               <subfield code="a">BL1139.27</subfield>
               <subfield code="b">.O85 2015</subfield>
            </datafield>
            <datafield tag="082" ind1="0" ind2="0">
               <subfield code="a">294.5/922048</subfield>
               <subfield code="2">23</subfield>
            </datafield>
            <datafield tag="245" ind1="0" ind2="4">
               <subfield code="a">The other Rāmāyaṇa women :</subfield>
               <subfield code="b">regional rejection and response /</subfield>
               <subfield code="c">edited by John Brockington and Mary Brockington ; with Mandakranta Bose.</subfield>
            </datafield>
            <datafield tag="264" ind1=" " ind2="1">
               <subfield code="a">Abingdon, Oxon :</subfield>
               <subfield code="b">Routledge, Taylor &amp; Francis Group,</subfield>
               <subfield code="c">2016.</subfield>
            </datafield>
            <datafield tag="264" ind1=" " ind2="4">
               <subfield code="c">©2016</subfield>
            </datafield>
            <datafield tag="300" ind1=" " ind2=" ">
               <subfield code="a">xii, 192 pages :</subfield>
               <subfield code="b">illustrations ;</subfield>
               <subfield code="c">24 cm.</subfield>
            </datafield>
            <datafield tag="490" ind1="1" ind2=" ">
               <subfield code="a">Routledge Hindu studies series</subfield>
            </datafield>
            <datafield tag="504" ind1=" " ind2=" ">
               <subfield code="a">Includes bibliographical references (pages 168-183) and index.</subfield>
            </datafield>
            <datafield tag="505" ind1="0" ind2=" ">
               <subfield code="a">Machine generated contents note: 1.Re-creation, refashioning, rejection, response...: how the narrative developed / John Brockington -- 2.Surpanakha in the Jain Ramayanas / Eva De Clercq -- 3.Betrayed by the beloved: lustful wives and devoted mothers in the Jain Ramayanas / Mary Brockington -- 4.The adventures of Rama, Sita and Ravana in Tibet / Ulrike Roesler -- 5.Afflicted mothers and abused women: the words behind the pictures / Rachel Loizeau-Pajaniradja -- 6.Women in crisis: South Indian pictorial versions of the Ramayana narrative / Anna Dallapiccola -- 7.Designing women: felicitous malice in a Bengali Ramayana / Mandakranta Bose -- 8.Can sages and women dance side by side? Contested text and gender in the Kavitavali Tulsidas / Imre Bangha -- 9.Narrator and audience: women's role as re-creators of the tradition / Mary Brockington -- 10.Tales of the dispossessed: women in the Ramayana / Mandakranta Bose.</subfield>
            </datafield>
            <datafield tag="600" ind1="0" ind2="0">
               <subfield code="a">Vālmīki.</subfield>
               <subfield code="t">Rāmāyaṇa.</subfield>
            </datafield>
            <datafield tag="630" ind1="0" ind2="7">
               <subfield code="a">Rāmāyaṇa (Vālmīki)</subfield>
               <subfield code="2">fast</subfield>
               <subfield code="0">(OCoLC)fst01356702</subfield>
            </datafield>
            <datafield tag="650" ind1=" " ind2="0">
               <subfield code="a">Women in Hinduism.</subfield>
            </datafield>
            <datafield tag="650" ind1=" " ind2="7">
               <subfield code="a">Women in Hinduism.</subfield>
               <subfield code="2">fast</subfield>
               <subfield code="0">(OCoLC)fst01177796</subfield>
            </datafield>
            <datafield tag="700" ind1="1" ind2=" ">
               <subfield code="a">Brockington, J. L.,</subfield>
               <subfield code="e">editor.</subfield>
            </datafield>
            <datafield tag="700" ind1="1" ind2=" ">
               <subfield code="a">Brockington, Mary,</subfield>
               <subfield code="e">editor.</subfield>
            </datafield>
            <datafield tag="830" ind1=" " ind2="0">
               <subfield code="a">RoutledgeCurzon Hindu studies series.</subfield>
            </datafield>
            <datafield tag="999" ind1=" " ind2=" ">
               <subfield code="a">BL1139.27.O85 2015</subfield>
               <subfield code="w">LC</subfield>
               <subfield code="c">1</subfield>
               <subfield code="i">000079030168</subfield>
               <subfield code="d">10/20/2022</subfield>
               <subfield code="e">8/23/2016</subfield>
               <subfield code="l">PATTEE-BA</subfield>
               <subfield code="m">UP-PAT</subfield>
               <subfield code="q">2</subfield>
               <subfield code="r">Y</subfield>
               <subfield code="s">Y</subfield>
               <subfield code="t">BOOK</subfield>
               <subfield code="u">8/9/2016</subfield>
            </datafield>
      </record>
    </metadata>
  </record>