
   <record> 
    <header>
      <identifier>oai:cat.libraries.psu.edu:18158555</identifier> 
      <datestamp>2022-12-16</datestamp>
      <setSpec>BOOK</setSpec> 
    </header>
    <metadata>
      <record xmlns="http://www.loc.gov/MARC21/slim" xsi:schemaLocation="http://www.loc.gov/MARC21/slim http://www.loc.gov/standards/marcxml/schema/MARC21slim.xsd" type="Bibliographic">
         <leader>     cam  22     Ii 4500</leader>
         <controlfield tag="008">160707t20162016nyuae         001 0 eng  </controlfield>
            <datafield tag="010" ind1=" " ind2=" ">
               <subfield code="a">  2015957387</subfield>
            </datafield>
            <datafield tag="020" ind1=" " ind2=" ">
               <subfield code="a">9780847848218</subfield>
               <subfield code="q">(hardcover)</subfield>
            </datafield>
            <datafield tag="020" ind1=" " ind2=" ">
               <subfield code="a">0847848213</subfield>
               <subfield code="q">(hardcover)</subfield>
            </datafield>
            <datafield tag="035" ind1=" " ind2=" ">
               <subfield code="a">(OCoLC)953191811</subfield>
            </datafield>
            <datafield tag="050" ind1="1" ind2="4">
               <subfield code="a">NA7125</subfield>
               <subfield code="b">.B475 2016</subfield>
            </datafield>
            <datafield tag="082" ind1="0" ind2="4">
               <subfield code="a">728</subfield>
               <subfield code="2">23</subfield>
            </datafield>
            <datafield tag="100" ind1="1" ind2=" ">
               <subfield code="a">Berke, Deborah,</subfield>
               <subfield code="e">author.</subfield>
            </datafield>
            <datafield tag="245" ind1="1" ind2="0">
               <subfield code="a">House rules :</subfield>
               <subfield code="b">an architect's guide to modern life /</subfield>
               <subfield code="c">Deborah Berke ; essay by Rick Moody ; afterword by Marc Leff ; edited by Tal Schori with Anne Thompson and Matthew Zuckerman.</subfield>
            </datafield>
            <datafield tag="264" ind1=" " ind2="1">
               <subfield code="a">New York :</subfield>
               <subfield code="b">Rizzoli International Publications, Inc.,</subfield>
               <subfield code="c">2016.</subfield>
            </datafield>
            <datafield tag="264" ind1=" " ind2="4">
               <subfield code="c">©2016</subfield>
            </datafield>
            <datafield tag="300" ind1=" " ind2=" ">
               <subfield code="a">207 pages :</subfield>
               <subfield code="b">illustrations (chiefly color), plans ;</subfield>
               <subfield code="c">27 cm</subfield>
            </datafield>
            <datafield tag="500" ind1=" " ind2=" ">
               <subfield code="a">Includes index.</subfield>
            </datafield>
            <datafield tag="505" ind1="0" ind2=" ">
               <subfield code="a">Introduction -- Rules for neighbors -- House rules -- Property lines do not define a site -- Any material can seduce -- Repetition elevates the ordinary -- Circulation does more than connect -- Rooms can be inside, outside or both -- Account for all things. Display a few -- Reckon with tradition -- Honor daily life -- Afterword.</subfield>
            </datafield>
            <datafield tag="520" ind1=" " ind2=" ">
               <subfield code="a">House Rules documents the beauty and relevance of Deborah Berke's vision by articulating eight guiding principles to achieve an enriching domestic space. Her rules range from how to design a meaningful sequence from indoors to out, to the need for abundant storage to live an uncluttered life. House Rules delves deep into Berke's working process and her thoughtful approach to design, showcasing more than fifty residences. An inspiring guide for home owners and those aspiring to build a house, House Rules also addresses such timely factors as environmental sustainability and innovative construction techniques. Drawing on these examples of her user-friendly contemporary designs, House Rules demonstrates how to craft a serene space for modern living. Photographs of compelling details richly illustrate her principles, underscoring both the poetry and practicality of her ideas.</subfield>
            </datafield>
            <datafield tag="650" ind1=" " ind2="0">
               <subfield code="a">Dwellings.</subfield>
            </datafield>
            <datafield tag="650" ind1=" " ind2="0">
               <subfield code="a">Rooms.</subfield>
            </datafield>
            <datafield tag="650" ind1=" " ind2="0">
               <subfield code="a">Architecture, Domestic.</subfield>
            </datafield>
            <datafield tag="650" ind1=" " ind2="0">
               <subfield code="a">Architecture, Modern</subfield>
               <subfield code="y">21st century.</subfield>
            </datafield>
            <datafield tag="650" ind1=" " ind2="0">
               <subfield code="a">Architect-designed houses.</subfield>
            </datafield>
            <datafield tag="650" ind1=" " ind2="0">
               <subfield code="a">Interior decoration.</subfield>
            </datafield>
            <datafield tag="650" ind1=" " ind2="7">
               <subfield code="a">Architect-designed houses.</subfield>
               <subfield code="2">fast</subfield>
               <subfield code="0">(OCoLC)fst00813106</subfield>
            </datafield>
            <datafield tag="650" ind1=" " ind2="7">
               <subfield code="a">Architecture, Domestic.</subfield>
               <subfield code="2">fast</subfield>
               <subfield code="0">(OCoLC)fst00813666</subfield>
            </datafield>
            <datafield tag="650" ind1=" " ind2="7">
               <subfield code="a">Architecture, Modern.</subfield>
               <subfield code="2">fast</subfield>
               <subfield code="0">(OCoLC)fst00813842</subfield>
            </datafield>
            <datafield tag="650" ind1=" " ind2="7">
               <subfield code="a">Dwellings.</subfield>
               <subfield code="2">fast</subfield>
               <subfield code="0">(OCoLC)fst00899978</subfield>
            </datafield>
            <datafield tag="650" ind1=" " ind2="7">
               <subfield code="a">Interior decoration.</subfield>
               <subfield code="2">fast</subfield>
               <subfield code="0">(OCoLC)fst00976327</subfield>
            </datafield>
            <datafield tag="650" ind1=" " ind2="7">
               <subfield code="a">Rooms.</subfield>
               <subfield code="2">fast</subfield>
               <subfield code="0">(OCoLC)fst01100369</subfield>
            </datafield>
            <datafield tag="650" ind1=" " ind2="7">
               <subfield code="a">ARCHITECTURE / Individual Architects &amp; Firms / Essays.</subfield>
               <subfield code="2">bisacsh</subfield>
            </datafield>
            <datafield tag="650" ind1=" " ind2="7">
               <subfield code="a">ARCHITECTURE / Interior Design.</subfield>
               <subfield code="2">bisacsh</subfield>
            </datafield>
            <datafield tag="700" ind1="1" ind2=" ">
               <subfield code="a">Moody, Rick,</subfield>
               <subfield code="e">writer of supplementary textual content.</subfield>
            </datafield>
            <datafield tag="700" ind1="1" ind2=" ">
               <subfield code="a">Leff, Marc,</subfield>
               <subfield code="e">writer of supplementary textual content.</subfield>
            </datafield>
            <datafield tag="700" ind1="1" ind2=" ">
               <subfield code="a">Schori, Tal,</subfield>
               <subfield code="e">editor.</subfield>
            </datafield>
            <datafield tag="700" ind1="1" ind2=" ">
               <subfield code="a">Thompson, Anne</subfield>
               <subfield code="q">(Anne Elizabeth),</subfield>
               <subfield code="e">editor.</subfield>
            </datafield>
            <datafield tag="700" ind1="1" ind2=" ">
               <subfield code="a">Zuckerman, Matthew,</subfield>
               <subfield code="e">editor.</subfield>
            </datafield>
            <datafield tag="999" ind1=" " ind2=" ">
               <subfield code="a">NA7125.B475 2016</subfield>
               <subfield code="w">LC</subfield>
               <subfield code="c">1</subfield>
               <subfield code="i">000079030717</subfield>
               <subfield code="d">10/9/2019</subfield>
               <subfield code="e">12/14/2018</subfield>
               <subfield code="l">STACKS-AC</subfield>
               <subfield code="m">UP-ARCHIT</subfield>
               <subfield code="n">1</subfield>
               <subfield code="r">Y</subfield>
               <subfield code="s">Y</subfield>
               <subfield code="t">BOOK</subfield>
               <subfield code="u">8/9/2016</subfield>
            </datafield>
      </record>
    </metadata>
  </record>