
   <record> 
    <header>
      <identifier>oai:cat.libraries.psu.edu:18158556</identifier> 
      <datestamp>2022-12-16</datestamp>
      <setSpec>BOOK</setSpec> 
    </header>
    <metadata>
      <record xmlns="http://www.loc.gov/MARC21/slim" xsi:schemaLocation="http://www.loc.gov/MARC21/slim http://www.loc.gov/standards/marcxml/schema/MARC21slim.xsd" type="Bibliographic">
         <leader>     cam  22     Ii 4500</leader>
         <controlfield tag="008">160705s2016    txua     b    001 0 eng c</controlfield>
            <datafield tag="010" ind1=" " ind2=" ">
               <subfield code="a">  2016935492</subfield>
            </datafield>
            <datafield tag="020" ind1=" " ind2=" ">
               <subfield code="a">9781597181747</subfield>
               <subfield code="q">(pbk.)</subfield>
            </datafield>
            <datafield tag="020" ind1=" " ind2=" ">
               <subfield code="a">1597181749</subfield>
               <subfield code="q">(pbk.)</subfield>
            </datafield>
            <datafield tag="035" ind1=" " ind2=" ">
               <subfield code="a">(OCoLC)953045936</subfield>
            </datafield>
            <datafield tag="050" ind1="1" ind2="4">
               <subfield code="a">QA276.4</subfield>
               <subfield code="b">.I58 2016</subfield>
            </datafield>
            <datafield tag="245" ind1="0" ind2="3">
               <subfield code="a">An introduction to survival analysis using Stata /</subfield>
               <subfield code="c">Mario Cleves [and others].</subfield>
            </datafield>
            <datafield tag="250" ind1=" " ind2=" ">
               <subfield code="a">Revised third edition.</subfield>
            </datafield>
            <datafield tag="264" ind1=" " ind2="1">
               <subfield code="a">College Station, Tex. :</subfield>
               <subfield code="b">Stata Press,</subfield>
               <subfield code="c">2016.</subfield>
            </datafield>
            <datafield tag="300" ind1=" " ind2=" ">
               <subfield code="a">xxx, 428 pages :</subfield>
               <subfield code="b">illustrations ;</subfield>
               <subfield code="c">24 cm</subfield>
            </datafield>
            <datafield tag="504" ind1=" " ind2=" ">
               <subfield code="a">Includes bibliographical references (pages 393-399) and indexes.</subfield>
            </datafield>
            <datafield tag="505" ind1="0" ind2=" ">
               <subfield code="a">Preface to the third revised edition -- Preface to the third edition -- Preface to the second edition -- Preface to the revised edition -- Preface to the first edition -- Notation and typography -- 1. The problem of survival analysis -- 2. Describing the distribution of failure times -- 3. Hazard models -- 4. Censoring and truncation -- 5. Recording survival data -- 6. Using stset -- 7. After stset -- 8. Nonparametric analysis -- 9. The Cox proportional hazards model -- 10. Model building using stcox -- 11. The Cox model : diagnostics -- 12. Parametric models -- 13. A survey of parametric regression models in Stata -- 14. Postestimation commands for parametric models -- 15. Generalizing the parametric regression model -- 16. Power and sample-size determination for survival analysis -- 17. Competing risks.</subfield>
            </datafield>
            <datafield tag="630" ind1="0" ind2="0">
               <subfield code="a">Stata.</subfield>
            </datafield>
            <datafield tag="650" ind1=" " ind2="0">
               <subfield code="a">Statistics</subfield>
               <subfield code="x">Econometric models.</subfield>
            </datafield>
            <datafield tag="650" ind1=" " ind2="0">
               <subfield code="a">Survival analysis (Biometry)</subfield>
            </datafield>
            <datafield tag="700" ind1="1" ind2=" ">
               <subfield code="a">Cleves, Mario Alberto,</subfield>
               <subfield code="d">1954-</subfield>
            </datafield>
            <datafield tag="999" ind1=" " ind2=" ">
               <subfield code="a">QA276.4.I58 2016</subfield>
               <subfield code="w">LC</subfield>
               <subfield code="c">1</subfield>
               <subfield code="i">000079031158</subfield>
               <subfield code="d">12/1/2022</subfield>
               <subfield code="e">10/6/2022</subfield>
               <subfield code="f">10/4/2016</subfield>
               <subfield code="g">1</subfield>
               <subfield code="l">STACKS-PM</subfield>
               <subfield code="m">UP-PAMS</subfield>
               <subfield code="n">12</subfield>
               <subfield code="r">Y</subfield>
               <subfield code="s">Y</subfield>
               <subfield code="t">BOOK</subfield>
               <subfield code="u">8/9/2016</subfield>
            </datafield>
      </record>
    </metadata>
  </record>