
   <record> 
    <header>
      <identifier>oai:cat.libraries.psu.edu:18158557</identifier> 
      <datestamp>2022-12-16</datestamp>
      <setSpec>BOOK</setSpec> 
    </header>
    <metadata>
      <record xmlns="http://www.loc.gov/MARC21/slim" xsi:schemaLocation="http://www.loc.gov/MARC21/slim http://www.loc.gov/standards/marcxml/schema/MARC21slim.xsd" type="Bibliographic">
         <leader>     cam  22     Li 4500</leader>
         <controlfield tag="008">151231t20162016gw a     b    000 0 eng d</controlfield>
            <datafield tag="020" ind1=" " ind2=" ">
               <subfield code="a">9783775741088</subfield>
            </datafield>
            <datafield tag="020" ind1=" " ind2=" ">
               <subfield code="a">3775741089</subfield>
            </datafield>
            <datafield tag="035" ind1=" " ind2=" ">
               <subfield code="a">(OCoLC)933720277</subfield>
            </datafield>
            <datafield tag="050" ind1=" " ind2="4">
               <subfield code="a">TR655</subfield>
               <subfield code="b">.V363 2016</subfield>
            </datafield>
            <datafield tag="082" ind1="0" ind2="4">
               <subfield code="a">709.2</subfield>
               <subfield code="2">23</subfield>
            </datafield>
            <datafield tag="100" ind1="1" ind2=" ">
               <subfield code="a">VanDerBeek, Sara,</subfield>
               <subfield code="d">1976-</subfield>
               <subfield code="e">artist.</subfield>
            </datafield>
            <datafield tag="245" ind1="1" ind2="0">
               <subfield code="a">Sara VanDerBeek /</subfield>
               <subfield code="c">edited by Gloria Sutton.</subfield>
            </datafield>
            <datafield tag="264" ind1=" " ind2="1">
               <subfield code="a">Ostfildern, Germany :</subfield>
               <subfield code="b">Hatje Cantz Verlag,</subfield>
               <subfield code="c">[2016]</subfield>
            </datafield>
            <datafield tag="264" ind1=" " ind2="4">
               <subfield code="c">©2016</subfield>
            </datafield>
            <datafield tag="300" ind1=" " ind2=" ">
               <subfield code="a">175 pages :</subfield>
               <subfield code="b">color illustrations ;</subfield>
               <subfield code="c">30 cm</subfield>
            </datafield>
            <datafield tag="504" ind1=" " ind2=" ">
               <subfield code="a">Includes bibliographical references.</subfield>
            </datafield>
            <datafield tag="505" ind1="0" ind2=" ">
               <subfield code="a">Sculpture, Photography, Surface / Ina Blom -- Sara VanDerBeek in Conversation with Roxana Marcoci: On the Conditions of Photo-Based Culture.</subfield>
            </datafield>
            <datafield tag="520" ind1=" " ind2=" ">
               <subfield code="a">&quot;Made with the camera's perspective in mind, Sara VanDerBeek's photographic and sculptural arrangements emulate a poet's economic use of structure, phrasing, and rhythm. Operating as sites of contact, her works position the archaeological past in direct dialogue with current forms of digital image capture and circulation. The subject of solo exhibitions at the Hammer Museum, the Whitney Museum of American Art, Museum Boijmans Van Beuningen, and the Baltimore Museum of Art, Sara VanDerBeek (*1976, New York) has been internationally recognized as a key progenitor of contemporary art's engagement with the medium of photography in an expanded field. This first book-length study distills dscrete bodies of work made between 2006 and 2016 that shift between the more controlled space of the studio and site visits to Detroit, New Orleans, Los Angeles, Rome, Paris, Naples, Ecuador, Rotterdam, and Baltimore.&quot;--Back cover</subfield>
            </datafield>
            <datafield tag="600" ind1="1" ind2="0">
               <subfield code="a">VanDerBeek, Sara,</subfield>
               <subfield code="d">1976-</subfield>
            </datafield>
            <datafield tag="650" ind1=" " ind2="0">
               <subfield code="a">Photography, Artistic.</subfield>
            </datafield>
            <datafield tag="650" ind1=" " ind2="0">
               <subfield code="a">Photography, Abstract.</subfield>
            </datafield>
            <datafield tag="700" ind1="1" ind2="2">
               <subfield code="a">VanDerBeek, Sara,</subfield>
               <subfield code="d">1976-</subfield>
               <subfield code="t">Works.</subfield>
               <subfield code="k">Selections (2016)</subfield>
            </datafield>
            <datafield tag="700" ind1="1" ind2=" ">
               <subfield code="a">Sutton, Gloria,</subfield>
               <subfield code="e">editor.</subfield>
            </datafield>
            <datafield tag="700" ind1="1" ind2=" ">
               <subfield code="a">Marcoci, Roxana,</subfield>
               <subfield code="e">interviewer.</subfield>
            </datafield>
            <datafield tag="700" ind1="1" ind2=" ">
               <subfield code="a">Blom, Ina,</subfield>
               <subfield code="e">writer of added commentary.</subfield>
            </datafield>
            <datafield tag="999" ind1=" " ind2=" ">
               <subfield code="a">TR655.V363 2016</subfield>
               <subfield code="w">LC</subfield>
               <subfield code="c">1</subfield>
               <subfield code="i">000079030182</subfield>
               <subfield code="d">1/4/2017</subfield>
               <subfield code="e">10/13/2016</subfield>
               <subfield code="l">PATTEE-W3</subfield>
               <subfield code="m">UP-PAT</subfield>
               <subfield code="n">1</subfield>
               <subfield code="r">Y</subfield>
               <subfield code="s">Y</subfield>
               <subfield code="t">BOOK</subfield>
               <subfield code="u">8/9/2016</subfield>
            </datafield>
      </record>
    </metadata>
  </record>