
   <record> 
    <header>
      <identifier>oai:cat.libraries.psu.edu:18158558</identifier> 
      <datestamp>2022-12-16</datestamp>
      <setSpec>BOOK</setSpec> 
    </header>
    <metadata>
      <record xmlns="http://www.loc.gov/MARC21/slim" xsi:schemaLocation="http://www.loc.gov/MARC21/slim http://www.loc.gov/standards/marcxml/schema/MARC21slim.xsd" type="Bibliographic">
         <leader>     cam  22     Ii 4500</leader>
         <controlfield tag="008">160517s2017    enkaf    b    001 0 eng d</controlfield>
            <datafield tag="010" ind1=" " ind2=" ">
               <subfield code="a">  2016022841</subfield>
            </datafield>
            <datafield tag="020" ind1=" " ind2=" ">
               <subfield code="a">9781472460462</subfield>
               <subfield code="q">hardback</subfield>
               <subfield code="q">alkaline paper</subfield>
            </datafield>
            <datafield tag="020" ind1=" " ind2=" ">
               <subfield code="a">1472460464</subfield>
               <subfield code="q">hardback</subfield>
               <subfield code="q">alkaline paper</subfield>
            </datafield>
            <datafield tag="050" ind1="0" ind2="0">
               <subfield code="a">BS447.5.E5</subfield>
               <subfield code="b">G38 2016</subfield>
            </datafield>
            <datafield tag="082" ind1="0" ind2="0">
               <subfield code="a">220.09426/54</subfield>
               <subfield code="2">23</subfield>
            </datafield>
            <datafield tag="100" ind1="1" ind2=" ">
               <subfield code="a">Gaudio, Michael,</subfield>
               <subfield code="e">author.</subfield>
            </datafield>
            <datafield tag="245" ind1="1" ind2="4">
               <subfield code="a">The Bible and the printed image in early modern England :</subfield>
               <subfield code="b">Little Gidding and the pursuit of scriptural harmony /</subfield>
               <subfield code="c">Michael Gaudio.</subfield>
            </datafield>
            <datafield tag="264" ind1=" " ind2="1">
               <subfield code="a">Abingdon, Oxon ;</subfield>
               <subfield code="a">New York :</subfield>
               <subfield code="b">Routledge,</subfield>
               <subfield code="c">2017.</subfield>
            </datafield>
            <datafield tag="300" ind1=" " ind2=" ">
               <subfield code="a">ix, 195 pages, 14 unnumbered pages of plates :</subfield>
               <subfield code="b">illustrations (some color) ;</subfield>
               <subfield code="c">26 cm.</subfield>
            </datafield>
            <datafield tag="490" ind1="1" ind2=" ">
               <subfield code="a">Visual culture in early modernity ;</subfield>
               <subfield code="v">52</subfield>
            </datafield>
            <datafield tag="500" ind1=" " ind2=" ">
               <subfield code="a">&quot;An Ashgate book&quot;.</subfield>
            </datafield>
            <datafield tag="504" ind1=" " ind2=" ">
               <subfield code="a">Includes bibliographical references and index.</subfield>
            </datafield>
            <datafield tag="505" ind1="0" ind2=" ">
               <subfield code="a">Rend and Repair: Print Culture, Female Handiwork, and the Making of the Concordances -- The Word Made Flesh: Thinking Incarnationally with Scripture -- Between the Law and the Gospel: Thinking Figurally with Scripture -- Appendix: Inventory of the Known Little Gidding Concordances.</subfield>
            </datafield>
            <datafield tag="610" ind1="2" ind2="0">
               <subfield code="a">Little Gidding (Christian community)</subfield>
            </datafield>
            <datafield tag="610" ind1="2" ind2="7">
               <subfield code="a">Little Gidding (Christian community)</subfield>
               <subfield code="2">fast</subfield>
               <subfield code="0">(OCoLC)fst00607507</subfield>
            </datafield>
            <datafield tag="630" ind1="0" ind2="0">
               <subfield code="a">Bible</subfield>
               <subfield code="x">History</subfield>
               <subfield code="y">17th century.</subfield>
            </datafield>
            <datafield tag="630" ind1="0" ind2="0">
               <subfield code="a">Bible</subfield>
               <subfield code="v">Illustrations.</subfield>
            </datafield>
            <datafield tag="630" ind1="0" ind2="0">
               <subfield code="a">Bible</subfield>
               <subfield code="v">Harmonies, English.</subfield>
            </datafield>
            <datafield tag="630" ind1="0" ind2="7">
               <subfield code="a">Bible.</subfield>
               <subfield code="2">fast</subfield>
               <subfield code="0">(OCoLC)fst01356024</subfield>
            </datafield>
            <datafield tag="650" ind1=" " ind2="0">
               <subfield code="a">Women in the book industries and trade</subfield>
               <subfield code="z">England</subfield>
               <subfield code="x">History</subfield>
               <subfield code="y">17th century.</subfield>
            </datafield>
            <datafield tag="650" ind1=" " ind2="0">
               <subfield code="a">Art and society</subfield>
               <subfield code="z">England</subfield>
               <subfield code="x">History</subfield>
               <subfield code="y">17th century.</subfield>
            </datafield>
            <datafield tag="650" ind1=" " ind2="7">
               <subfield code="a">Art and society.</subfield>
               <subfield code="2">fast</subfield>
               <subfield code="0">(OCoLC)fst00815432</subfield>
            </datafield>
            <datafield tag="650" ind1=" " ind2="7">
               <subfield code="a">Seventeenth century.</subfield>
               <subfield code="2">fast</subfield>
               <subfield code="0">(OCoLC)fst01113663</subfield>
            </datafield>
            <datafield tag="650" ind1=" " ind2="7">
               <subfield code="a">Women in the book industries and trade.</subfield>
               <subfield code="2">fast</subfield>
               <subfield code="0">(OCoLC)fst01178024</subfield>
            </datafield>
            <datafield tag="651" ind1=" " ind2="7">
               <subfield code="a">England.</subfield>
               <subfield code="2">fast</subfield>
               <subfield code="0">(OCoLC)fst01219920</subfield>
            </datafield>
            <datafield tag="655" ind1=" " ind2="7">
               <subfield code="a">Harmonies.</subfield>
               <subfield code="2">fast</subfield>
               <subfield code="0">(OCoLC)fst01423902</subfield>
            </datafield>
            <datafield tag="655" ind1=" " ind2="7">
               <subfield code="a">History.</subfield>
               <subfield code="2">fast</subfield>
               <subfield code="0">(OCoLC)fst01411628</subfield>
            </datafield>
            <datafield tag="655" ind1=" " ind2="7">
               <subfield code="a">Illustrated works.</subfield>
               <subfield code="2">fast</subfield>
               <subfield code="0">(OCoLC)fst01423873</subfield>
            </datafield>
            <datafield tag="830" ind1=" " ind2="0">
               <subfield code="a">Visual culture in early modernity ;</subfield>
               <subfield code="v">52.</subfield>
            </datafield>
            <datafield tag="999" ind1=" " ind2=" ">
               <subfield code="a">BS447.5.E5G38 2016</subfield>
               <subfield code="w">LC</subfield>
               <subfield code="c">1</subfield>
               <subfield code="i">000078510319</subfield>
               <subfield code="d">9/25/2018</subfield>
               <subfield code="e">8/24/2016</subfield>
               <subfield code="l">PATTEE-BA</subfield>
               <subfield code="m">UP-PAT</subfield>
               <subfield code="r">Y</subfield>
               <subfield code="s">Y</subfield>
               <subfield code="t">BOOK</subfield>
               <subfield code="u">8/9/2016</subfield>
            </datafield>
      </record>
    </metadata>
  </record>