
   <record> 
    <header>
      <identifier>oai:cat.libraries.psu.edu:18158559</identifier> 
      <datestamp>2022-12-16</datestamp>
      <setSpec>BOOK</setSpec> 
    </header>
    <metadata>
      <record xmlns="http://www.loc.gov/MARC21/slim" xsi:schemaLocation="http://www.loc.gov/MARC21/slim http://www.loc.gov/standards/marcxml/schema/MARC21slim.xsd" type="Bibliographic">
         <leader>     nam  22      a 4500</leader>
         <controlfield tag="008">150921t20162016enka     b    001 0 eng d</controlfield>
            <datafield tag="020" ind1=" " ind2=" ">
               <subfield code="a">1848022352</subfield>
            </datafield>
            <datafield tag="020" ind1=" " ind2=" ">
               <subfield code="a">9781848022355</subfield>
            </datafield>
            <datafield tag="035" ind1=" " ind2=" ">
               <subfield code="a">(OCoLC)954275945</subfield>
            </datafield>
            <datafield tag="050" ind1=" " ind2="4">
               <subfield code="a">NA966.5.G45</subfield>
               <subfield code="b">N46 2016</subfield>
            </datafield>
            <datafield tag="082" ind1="0" ind2="4">
               <subfield code="a">720.941</subfield>
               <subfield code="2">23</subfield>
            </datafield>
            <datafield tag="245" ind1="0" ind2="0">
               <subfield code="a">Neo-Georgian architecture 1880-1970 :</subfield>
               <subfield code="b">a reappraisal /</subfield>
               <subfield code="c">edited by Julian Holder and Elizabeth McKellar.</subfield>
            </datafield>
            <datafield tag="264" ind1=" " ind2="1">
               <subfield code="a">Swindon :</subfield>
               <subfield code="b">Historic England,</subfield>
               <subfield code="c">2016.</subfield>
            </datafield>
            <datafield tag="264" ind1=" " ind2="4">
               <subfield code="c">©2016</subfield>
            </datafield>
            <datafield tag="300" ind1=" " ind2=" ">
               <subfield code="a">xvi, 214 pages :</subfield>
               <subfield code="b">illustrations (some color) ;</subfield>
               <subfield code="c">28 cm</subfield>
            </datafield>
            <datafield tag="504" ind1=" " ind2=" ">
               <subfield code="a">Includes bibliographical references and index.</subfield>
            </datafield>
            <datafield tag="505" ind1="0" ind2=" ">
               <subfield code="a">Machine generated contents note: 1.Introduction: reappraising the Neo-Georgian / Elizabeth McKellar -- pt. I Origins of the Neo-Georgian -- 2.Quality in Quality Street: Neo-Georgian and its place in architectural history / Alan Powers -- 3.The call to order: Neo-Georgian and the Liverpool School of Architecture / Peter Richmond -- 4.Georgian London before Georgian London: Beresford Chancellor, Rasmussen and `The true and sad story of the Regent's Street' / Elizabeth McKellar -- pt. II Developing the Neo-Georgian language -- 5.Edwin Lutyens: Wrenaissance to Neo-Georgian / Margaret Richardson -- 6.Emanuel Vincent Harris: civic, civil and sane / Nick Holmes -- 7.Giles Gilbert Scott and Classical architecture / Gavin Stamp -- 8.C H James: Neo-Georgian -- from the small house to the town hall / Nick Chapple -- pt. III Establishing a new tradition: typologies of the Neo-Georgian -- 9.Banker's Georgian / Neil Burton -- 10.A state of approval: Neo-Georgian architecture and His Majesty's Office of Works, 1914--1939 / Julian Holder -- 11.Neo-Georgian: the other style in Britain's 20th-century university architecture? / William Whyte -- pt. IV Neo-Georgian: a prelude to modernism? -- 12.`Modern Swedish Rococo': the Neo-Georgian interior in Britain, c 1920--c 1945 / Clare Taylor -- 13.`A live universal language': the Georgian as motif in interwar English architectural modernism / Elizabeth Darling -- pt. V Global Neo-Georgian -- 14.The Neo-Georgian in New Zealand, 1918--1939: architectural revivalism at the end of empire / Ian Lochhead -- 15.`Phony coloney': the reception of the Georgian and the construction of 20th-century America / Stephen Hague.</subfield>
            </datafield>
            <datafield tag="650" ind1=" " ind2="0">
               <subfield code="a">Architecture, Georgian</subfield>
               <subfield code="z">Great Britain.</subfield>
            </datafield>
            <datafield tag="650" ind1=" " ind2="0">
               <subfield code="a">Revival movements (Art)</subfield>
               <subfield code="z">Great Britain.</subfield>
            </datafield>
            <datafield tag="650" ind1=" " ind2="7">
               <subfield code="a">Architecture, Georgian.</subfield>
               <subfield code="2">fast</subfield>
               <subfield code="0">(OCoLC)fst00813751</subfield>
            </datafield>
            <datafield tag="651" ind1=" " ind2="7">
               <subfield code="a">Great Britain.</subfield>
               <subfield code="2">fast</subfield>
               <subfield code="0">(OCoLC)fst01204623</subfield>
            </datafield>
            <datafield tag="700" ind1="1" ind2=" ">
               <subfield code="a">Holder, Julian,</subfield>
               <subfield code="e">editor.</subfield>
            </datafield>
            <datafield tag="700" ind1="1" ind2=" ">
               <subfield code="a">McKellar, Elizabeth,</subfield>
               <subfield code="e">editor.</subfield>
            </datafield>
            <datafield tag="999" ind1=" " ind2=" ">
               <subfield code="a">NA966.5.G45N46 2016</subfield>
               <subfield code="w">LC</subfield>
               <subfield code="c">1</subfield>
               <subfield code="i">000079030731</subfield>
               <subfield code="d">12/8/2022</subfield>
               <subfield code="e">11/13/2022</subfield>
               <subfield code="l">STACKS-AC</subfield>
               <subfield code="m">UP-ARCHIT</subfield>
               <subfield code="n">1</subfield>
               <subfield code="q">1</subfield>
               <subfield code="r">Y</subfield>
               <subfield code="s">Y</subfield>
               <subfield code="t">BOOK</subfield>
               <subfield code="u">8/9/2016</subfield>
            </datafield>
      </record>
    </metadata>
  </record>