
   <record> 
    <header>
      <identifier>oai:cat.libraries.psu.edu:1815856</identifier> 
      <datestamp>2022-12-16</datestamp>
      <setSpec>BOOK</setSpec> 
    </header>
    <metadata>
      <record xmlns="http://www.loc.gov/MARC21/slim" xsi:schemaLocation="http://www.loc.gov/MARC21/slim http://www.loc.gov/standards/marcxml/schema/MARC21slim.xsd" type="Bibliographic">
         <leader>     cem  22      i 4500</leader>
         <controlfield tag="008">930224s1991    xxua     b    000 0beng d</controlfield>
            <datafield tag="010" ind1=" " ind2=" ">
               <subfield code="a">   90052869</subfield>
            </datafield>
            <datafield tag="020" ind1=" " ind2=" ">
               <subfield code="a">0847813096 :</subfield>
               <subfield code="c">$95.00</subfield>
            </datafield>
            <datafield tag="035" ind1=" " ind2=" ">
               <subfield code="a">LIAS1674825</subfield>
            </datafield>
            <datafield tag="035" ind1=" " ind2=" ">
               <subfield code="a">(OCoLC)22766901</subfield>
            </datafield>
            <datafield tag="050" ind1="0" ind2="0">
               <subfield code="a">NA1053.J68</subfield>
               <subfield code="b">B3713 1991</subfield>
            </datafield>
            <datafield tag="100" ind1="1" ind2=" ">
               <subfield code="a">Barré-Despond, Arlette.</subfield>
            </datafield>
            <datafield tag="240" ind1="1" ind2="0">
               <subfield code="a">Jourdain.</subfield>
               <subfield code="l">English</subfield>
            </datafield>
            <datafield tag="245" ind1="1" ind2="0">
               <subfield code="a">Jourdain :</subfield>
               <subfield code="b">Frantz--1847-1935, Francis--1876-1958, Frantz-Philippe--1906-1990 /</subfield>
               <subfield code="c">Arlette Barré-Despond ; &quot;Francis Jourdain&quot; by Suzanne Tise ; photography by Jean Baptiste Rouault ; archival material courtesy of Stephan Jourdain.</subfield>
            </datafield>
            <datafield tag="264" ind1=" " ind2="1">
               <subfield code="a">New York :</subfield>
               <subfield code="b">Rizzoli,</subfield>
               <subfield code="c">1991.</subfield>
            </datafield>
            <datafield tag="300" ind1=" " ind2=" ">
               <subfield code="a">414 pages :</subfield>
               <subfield code="b">illustrations (some color) ;</subfield>
               <subfield code="c">32 cm</subfield>
            </datafield>
            <datafield tag="500" ind1=" " ind2=" ">
               <subfield code="a">Translation of: Jourdain.</subfield>
            </datafield>
            <datafield tag="504" ind1=" " ind2=" ">
               <subfield code="a">Includes bibliographical references (pages 404-407) and index.</subfield>
            </datafield>
            <datafield tag="600" ind1="1" ind2="0">
               <subfield code="a">Jourdain, Frantz,</subfield>
               <subfield code="d">1847-1935.</subfield>
            </datafield>
            <datafield tag="600" ind1="1" ind2="0">
               <subfield code="a">Jourdain, Francis,</subfield>
               <subfield code="d">1876-1958.</subfield>
            </datafield>
            <datafield tag="600" ind1="1" ind2="0">
               <subfield code="a">Jourdain, Frantz-Philippe,</subfield>
               <subfield code="d">1906-1990</subfield>
            </datafield>
            <datafield tag="600" ind1="3" ind2="0">
               <subfield code="a">Jordan family.</subfield>
            </datafield>
            <datafield tag="650" ind1=" " ind2="0">
               <subfield code="a">Architects</subfield>
               <subfield code="z">France</subfield>
               <subfield code="v">Biography.</subfield>
            </datafield>
            <datafield tag="700" ind1="1" ind2=" ">
               <subfield code="a">Tise, Suzanne.</subfield>
            </datafield>
            <datafield tag="999" ind1=" " ind2=" ">
               <subfield code="a">NA1053.J68B3713 1991 Q</subfield>
               <subfield code="w">LC</subfield>
               <subfield code="c">1</subfield>
               <subfield code="i">000020658007</subfield>
               <subfield code="d">12/16/2004</subfield>
               <subfield code="e">12/15/2004</subfield>
               <subfield code="l">PATTEE-2</subfield>
               <subfield code="m">UP-PAT</subfield>
               <subfield code="n">2</subfield>
               <subfield code="p">$95.00</subfield>
               <subfield code="r">Y</subfield>
               <subfield code="s">Y</subfield>
               <subfield code="t">BOOK</subfield>
               <subfield code="u">4/13/2001</subfield>
            </datafield>
      </record>
    </metadata>
  </record>