
   <record> 
    <header>
      <identifier>oai:cat.libraries.psu.edu:1815857</identifier> 
      <datestamp>2022-12-16</datestamp>
      <setSpec>BOOK</setSpec> 
    </header>
    <metadata>
      <record xmlns="http://www.loc.gov/MARC21/slim" xsi:schemaLocation="http://www.loc.gov/MARC21/slim http://www.loc.gov/standards/marcxml/schema/MARC21slim.xsd" type="Bibliographic">
         <leader>     ccm  22     Ia 4500</leader>
         <controlfield tag="008">950313t19951995xxu      b    000 0 eng d</controlfield>
            <datafield tag="010" ind1=" " ind2=" ">
               <subfield code="a">   94029320</subfield>
            </datafield>
            <datafield tag="020" ind1=" " ind2=" ">
               <subfield code="a">0809319721 (pbk. : alk. paper)</subfield>
            </datafield>
            <datafield tag="035" ind1=" " ind2=" ">
               <subfield code="a">LIAS1830466</subfield>
            </datafield>
            <datafield tag="035" ind1=" " ind2=" ">
               <subfield code="a">(OCoLC)30891536</subfield>
            </datafield>
            <datafield tag="041" ind1="1" ind2=" ">
               <subfield code="a">eng</subfield>
               <subfield code="h">fre</subfield>
            </datafield>
            <datafield tag="050" ind1="0" ind2="0">
               <subfield code="a">B1893.R34</subfield>
               <subfield code="b">M35 1995</subfield>
            </datafield>
            <datafield tag="245" ind1="0" ind2="0">
               <subfield code="a">Malebranche's first and last critics :</subfield>
               <subfield code="b">Simon Foucher and Dortous de Mairan /</subfield>
               <subfield code="c">introductions and translations by Richard A. Watson and Marjorie Grene.</subfield>
            </datafield>
            <datafield tag="264" ind1=" " ind2="1">
               <subfield code="a">Carbondale, Ill. :</subfield>
               <subfield code="b">Published for the Journal of the History of Philosophy, Inc., Southern Illinois University Press,</subfield>
               <subfield code="c">[1995]</subfield>
            </datafield>
            <datafield tag="264" ind1=" " ind2="4">
               <subfield code="c">©1995</subfield>
            </datafield>
            <datafield tag="300" ind1=" " ind2=" ">
               <subfield code="a">vii, 114 pages ;</subfield>
               <subfield code="c">23 cm.</subfield>
            </datafield>
            <datafield tag="490" ind1="1" ind2=" ">
               <subfield code="a">The Journal of the history of philosophy monograph series</subfield>
            </datafield>
            <datafield tag="504" ind1=" " ind2=" ">
               <subfield code="a">Includes bibliographical references (pages 113-114).</subfield>
            </datafield>
            <datafield tag="600" ind1="1" ind2="0">
               <subfield code="a">Malebranche, Nicolas,</subfield>
               <subfield code="d">1638-1715.</subfield>
               <subfield code="t">Recherche de la vérité.</subfield>
            </datafield>
            <datafield tag="600" ind1="1" ind2="0">
               <subfield code="a">Spinoza, Benedictus de,</subfield>
               <subfield code="d">1632-1677</subfield>
               <subfield code="x">Influence.</subfield>
            </datafield>
            <datafield tag="700" ind1="1" ind2=" ">
               <subfield code="a">Watson, Richard A.,</subfield>
               <subfield code="d">1931-</subfield>
            </datafield>
            <datafield tag="700" ind1="1" ind2=" ">
               <subfield code="a">Grene, Marjorie,</subfield>
               <subfield code="d">1910-2009.</subfield>
            </datafield>
            <datafield tag="700" ind1="1" ind2="2">
               <subfield code="a">Foucher, Simon,</subfield>
               <subfield code="d">1644-1696.</subfield>
               <subfield code="t">Critique de la Recherche de la vérité.</subfield>
               <subfield code="l">English.</subfield>
            </datafield>
            <datafield tag="700" ind1="1" ind2="2">
               <subfield code="a">Mairan, Dortous de,</subfield>
               <subfield code="d">1678-1771.</subfield>
               <subfield code="t">Correspondence.</subfield>
               <subfield code="l">English.</subfield>
            </datafield>
            <datafield tag="830" ind1=" " ind2="0">
               <subfield code="a">Journal of the history of philosophy monograph series.</subfield>
            </datafield>
            <datafield tag="999" ind1=" " ind2=" ">
               <subfield code="a">B1893.R34M35 1995</subfield>
               <subfield code="w">LC</subfield>
               <subfield code="c">1</subfield>
               <subfield code="i">000023634770</subfield>
               <subfield code="d">3/14/1995</subfield>
               <subfield code="e">7/21/1997</subfield>
               <subfield code="l">PATTEE-BA</subfield>
               <subfield code="m">UP-PAT</subfield>
               <subfield code="n">2</subfield>
               <subfield code="r">Y</subfield>
               <subfield code="s">Y</subfield>
               <subfield code="t">BOOK</subfield>
               <subfield code="u">4/13/2001</subfield>
            </datafield>
      </record>
    </metadata>
  </record>