
   <record> 
    <header>
      <identifier>oai:cat.libraries.psu.edu:18158570</identifier> 
      <datestamp>2022-12-16</datestamp>
      <setSpec>SCORE</setSpec> 
    </header>
    <metadata>
      <record xmlns="http://www.loc.gov/MARC21/slim" xsi:schemaLocation="http://www.loc.gov/MARC21/slim http://www.loc.gov/standards/marcxml/schema/MARC21slim.xsd" type="Bibliographic">
         <leader>     cem  22      i 4500</leader>
         <controlfield tag="008">160325t20152015sz sule        n    mul d</controlfield>
            <datafield tag="024" ind1="3" ind2="0">
               <subfield code="a">9790502166052</subfield>
            </datafield>
            <datafield tag="024" ind1="2" ind2="0">
               <subfield code="a">M502166052</subfield>
            </datafield>
            <datafield tag="035" ind1=" " ind2=" ">
               <subfield code="a">(OCoLC)949470226</subfield>
            </datafield>
            <datafield tag="050" ind1=" " ind2="4">
               <subfield code="a">M232</subfield>
               <subfield code="b">.G765 op. 32 2015</subfield>
            </datafield>
            <datafield tag="100" ind1="1" ind2=" ">
               <subfield code="a">Gross, Johann Benjamin,</subfield>
               <subfield code="d">1809-1848.</subfield>
            </datafield>
            <datafield tag="240" ind1="1" ind2="0">
               <subfield code="a">Serenade,</subfield>
               <subfield code="m">cello, piano,</subfield>
               <subfield code="n">op. 32,</subfield>
               <subfield code="r">C major</subfield>
            </datafield>
            <datafield tag="245" ind1="1" ind2="0">
               <subfield code="a">Serenade C-Dur, op. 32 :</subfield>
               <subfield code="b">(1833/35) : für Violoncello und Klavier = for violoncello and piano /</subfield>
               <subfield code="c">Johann Benjamin Gross ; ed. Folckert Lüken-Isberner.</subfield>
            </datafield>
            <datafield tag="246" ind1="3" ind2="1">
               <subfield code="a">For violoncello and piano</subfield>
            </datafield>
            <datafield tag="264" ind1=" " ind2="1">
               <subfield code="a">Basel :</subfield>
               <subfield code="b">Pan Verlag,</subfield>
               <subfield code="c">[2015]</subfield>
            </datafield>
            <datafield tag="264" ind1=" " ind2="4">
               <subfield code="c">©2015</subfield>
            </datafield>
            <datafield tag="300" ind1=" " ind2=" ">
               <subfield code="a">1 score (15 pages) + 1 part (8 pages) ;</subfield>
               <subfield code="c">31 cm</subfield>
            </datafield>
            <datafield tag="382" ind1=" " ind2=" ">
               <subfield code="a">cello</subfield>
               <subfield code="a">piano</subfield>
            </datafield>
            <datafield tag="500" ind1=" " ind2=" ">
               <subfield code="a">Notes in German and English.</subfield>
            </datafield>
            <datafield tag="505" ind1="0" ind2=" ">
               <subfield code="a">1. Andante -- 2. Allegretto -- 3. Andante. .</subfield>
            </datafield>
            <datafield tag="650" ind1=" " ind2="0">
               <subfield code="a">Suites (Cello and piano)</subfield>
               <subfield code="v">Scores and parts.</subfield>
            </datafield>
            <datafield tag="650" ind1=" " ind2="7">
               <subfield code="a">Suites (Cello and piano)</subfield>
               <subfield code="x">Scores and parts.</subfield>
               <subfield code="2">fast</subfield>
               <subfield code="0">(OCoLC)fst01906524</subfield>
            </datafield>
            <datafield tag="700" ind1="1" ind2=" ">
               <subfield code="a">Lüken-Isberner, Folckert,</subfield>
               <subfield code="e">editor.</subfield>
            </datafield>
            <datafield tag="999" ind1=" " ind2=" ">
               <subfield code="a">M232.G76 op.32 2015</subfield>
               <subfield code="w">LC</subfield>
               <subfield code="c">1</subfield>
               <subfield code="i">000078196377</subfield>
               <subfield code="l">PATTEE-1A</subfield>
               <subfield code="m">UP-PAT</subfield>
               <subfield code="r">Y</subfield>
               <subfield code="s">Y</subfield>
               <subfield code="t">SCORE</subfield>
               <subfield code="u">8/9/2016</subfield>
            </datafield>
      </record>
    </metadata>
  </record>