
   <record> 
    <header>
      <identifier>oai:cat.libraries.psu.edu:18158574</identifier> 
      <datestamp>2022-12-16</datestamp>
      <setSpec>MAP</setSpec> 
    </header>
    <metadata>
      <record xmlns="http://www.loc.gov/MARC21/slim" xsi:schemaLocation="http://www.loc.gov/MARC21/slim http://www.loc.gov/standards/marcxml/schema/MARC21slim.xsd" type="Bibliographic">
         <leader>     cem  22      a 4500</leader>
         <controlfield tag="008">830602s1977    mdu       a     1   eng  </controlfield>
            <datafield tag="010" ind1=" " ind2=" ">
               <subfield code="a">   82690995</subfield>
            </datafield>
            <datafield tag="035" ind1=" " ind2=" ">
               <subfield code="a">(OCoLC)10875819</subfield>
            </datafield>
            <datafield tag="050" ind1="0" ind2="0">
               <subfield code="a">G3843.D6P2 1977</subfield>
               <subfield code="b">.T6</subfield>
            </datafield>
            <datafield tag="100" ind1="1" ind2=" ">
               <subfield code="a">Tolley, W. Robert,</subfield>
               <subfield code="e">cartographer,</subfield>
               <subfield code="e">publisher.</subfield>
            </datafield>
            <datafield tag="245" ind1="1" ind2="4">
               <subfield code="a">The Maryland county of Dorchester, highway map and indexed street map of Cambridge /</subfield>
               <subfield code="c">W. Robert Tolley ; [prepared for] Dorchester Chamber of Commerce.</subfield>
            </datafield>
            <datafield tag="246" ind1="1" ind2=" ">
               <subfield code="i">Title on alternate panel:</subfield>
               <subfield code="a">Maryland County of Dorchester</subfield>
            </datafield>
            <datafield tag="250" ind1=" " ind2=" ">
               <subfield code="a">1977 edition.</subfield>
            </datafield>
            <datafield tag="255" ind1=" " ind2=" ">
               <subfield code="a">Scale approximately 1:165,000</subfield>
               <subfield code="c">(W 76°20ʹ21ʺ--W 75°42ʹ05ʺ/N 38°42ʹ15ʺ--N 38°06ʹ51ʺ).</subfield>
            </datafield>
            <datafield tag="255" ind1=" " ind2=" ">
               <subfield code="a">Not drawn to scale</subfield>
               <subfield code="c">(W 76°06ʹ51ʺ--W 76°02ʹ10ʺ/N 38°35ʹ40ʺ--N 38°32ʹ35ʺ).</subfield>
            </datafield>
            <datafield tag="264" ind1=" " ind2="1">
               <subfield code="a">[Cambridge, Maryland?] :</subfield>
               <subfield code="b">W.R. Tolley,</subfield>
               <subfield code="c">[1977]</subfield>
            </datafield>
            <datafield tag="300" ind1=" " ind2=" ">
               <subfield code="a">2 maps on 1 sheet :</subfield>
               <subfield code="b">both sides, color ;</subfield>
               <subfield code="c">43 x 37 cm and 39 x 40 cm, sheet 56 x 44 cm, folded to 22 x 10 cm</subfield>
            </datafield>
            <datafield tag="500" ind1=" " ind2=" ">
               <subfield code="a">Panel title.</subfield>
            </datafield>
            <datafield tag="500" ind1=" " ind2=" ">
               <subfield code="a">&quot;W. Robert Tolley ©1977.&quot;</subfield>
            </datafield>
            <datafield tag="500" ind1=" " ind2=" ">
               <subfield code="a">Includes text, street index, inset, location map, and illustrations.</subfield>
            </datafield>
            <datafield tag="500" ind1=" " ind2=" ">
               <subfield code="a">Ancillary village maps: East New Market -- Secretary -- Hurlock -- Vienna.</subfield>
            </datafield>
            <datafield tag="500" ind1=" " ind2=" ">
               <subfield code="a">Insets: East New Market -- Area west of city.</subfield>
            </datafield>
            <datafield tag="505" ind1="0" ind2=" ">
               <subfield code="a">Dorchester County, Maryland -- Indexed map of Cambridge, Maryland.</subfield>
            </datafield>
            <datafield tag="650" ind1=" " ind2="0">
               <subfield code="a">Roads</subfield>
               <subfield code="z">Maryland</subfield>
               <subfield code="z">Dorchester County</subfield>
               <subfield code="v">Maps.</subfield>
            </datafield>
            <datafield tag="651" ind1=" " ind2="0">
               <subfield code="a">Cambridge (Md.)</subfield>
               <subfield code="v">Maps.</subfield>
            </datafield>
            <datafield tag="651" ind1=" " ind2="0">
               <subfield code="a">East New Market (Md.)</subfield>
               <subfield code="v">Maps.</subfield>
            </datafield>
            <datafield tag="651" ind1=" " ind2="0">
               <subfield code="a">Secretary (Md.)</subfield>
               <subfield code="v">Maps.</subfield>
            </datafield>
            <datafield tag="651" ind1=" " ind2="0">
               <subfield code="a">Hurlock (Md.)</subfield>
               <subfield code="v">Maps.</subfield>
            </datafield>
            <datafield tag="651" ind1=" " ind2="0">
               <subfield code="a">Vienna (Md.)</subfield>
               <subfield code="v">Maps.</subfield>
            </datafield>
            <datafield tag="651" ind1=" " ind2="7">
               <subfield code="a">Maryland</subfield>
               <subfield code="z">Cambridge.</subfield>
               <subfield code="2">fast</subfield>
               <subfield code="0">(OCoLC)fst01218283</subfield>
            </datafield>
            <datafield tag="651" ind1=" " ind2="7">
               <subfield code="a">Maryland</subfield>
               <subfield code="z">Dorchester County.</subfield>
               <subfield code="2">fast</subfield>
               <subfield code="0">(OCoLC)fst01207023</subfield>
            </datafield>
            <datafield tag="651" ind1=" " ind2="7">
               <subfield code="a">Maryland</subfield>
               <subfield code="z">East New Market.</subfield>
               <subfield code="2">fast</subfield>
               <subfield code="0">(OCoLC)fst01252852</subfield>
            </datafield>
            <datafield tag="651" ind1=" " ind2="7">
               <subfield code="a">Maryland</subfield>
               <subfield code="z">Hurlock.</subfield>
               <subfield code="2">fast</subfield>
               <subfield code="0">(OCoLC)fst01252860</subfield>
            </datafield>
            <datafield tag="651" ind1=" " ind2="7">
               <subfield code="a">Maryland</subfield>
               <subfield code="z">Secretary.</subfield>
               <subfield code="2">fast</subfield>
               <subfield code="0">(OCoLC)fst01252857</subfield>
            </datafield>
            <datafield tag="651" ind1=" " ind2="7">
               <subfield code="a">Maryland</subfield>
               <subfield code="z">Vienna.</subfield>
               <subfield code="2">fast</subfield>
               <subfield code="0">(OCoLC)fst01252856</subfield>
            </datafield>
            <datafield tag="655" ind1=" " ind2="7">
               <subfield code="a">Maps.</subfield>
               <subfield code="2">lcgft</subfield>
            </datafield>
            <datafield tag="655" ind1=" " ind2="7">
               <subfield code="a">Road maps.</subfield>
               <subfield code="2">lcgft</subfield>
            </datafield>
            <datafield tag="655" ind1=" " ind2="7">
               <subfield code="a">Maps.</subfield>
               <subfield code="2">fast</subfield>
               <subfield code="0">(OCoLC)fst01423704</subfield>
            </datafield>
            <datafield tag="655" ind1=" " ind2="7">
               <subfield code="a">Road maps.</subfield>
               <subfield code="2">fast</subfield>
               <subfield code="0">(OCoLC)fst01752673</subfield>
            </datafield>
            <datafield tag="710" ind1="2" ind2=" ">
               <subfield code="a">Dorchester Chamber of Commerce (Md.)</subfield>
            </datafield>
            <datafield tag="999" ind1=" " ind2=" ">
               <subfield code="a">G3843.D6 1977.T6</subfield>
               <subfield code="w">LC</subfield>
               <subfield code="c">1</subfield>
               <subfield code="i">000078683952</subfield>
               <subfield code="f">1/29/2018</subfield>
               <subfield code="g">1</subfield>
               <subfield code="l">MAPS-MP</subfield>
               <subfield code="m">UP-MAPS</subfield>
               <subfield code="r">Y</subfield>
               <subfield code="s">Y</subfield>
               <subfield code="t">MAP</subfield>
               <subfield code="u">8/9/2016</subfield>
            </datafield>
      </record>
    </metadata>
  </record>