
   <record> 
    <header>
      <identifier>oai:cat.libraries.psu.edu:18158576</identifier> 
      <datestamp>2022-12-16</datestamp>
      <setSpec>MAP</setSpec> 
    </header>
    <metadata>
      <record xmlns="http://www.loc.gov/MARC21/slim" xsi:schemaLocation="http://www.loc.gov/MARC21/slim http://www.loc.gov/standards/marcxml/schema/MARC21slim.xsd" type="Bibliographic">
         <leader>     nam  22      a 4500</leader>
         <controlfield tag="008">820209s1979    mdu       a     1   eng  </controlfield>
            <datafield tag="010" ind1=" " ind2=" ">
               <subfield code="a">   82690768</subfield>
            </datafield>
            <datafield tag="035" ind1=" " ind2=" ">
               <subfield code="a">(OCoLC)8386763</subfield>
            </datafield>
            <datafield tag="037" ind1=" " ind2=" ">
               <subfield code="b">Chamber of Commerce of Frederick County, 26 So. Market St., Frederick, MD 21701</subfield>
            </datafield>
            <datafield tag="050" ind1="0" ind2="0">
               <subfield code="a">G3844.F7 1979</subfield>
               <subfield code="b">.C4</subfield>
            </datafield>
            <datafield tag="110" ind1="2" ind2=" ">
               <subfield code="a">Chamber of Commerce of Frederick County.</subfield>
            </datafield>
            <datafield tag="245" ind1="1" ind2="0">
               <subfield code="a">Frederick, Maryland, 1979-1980 maps of Frederick City and County /</subfield>
               <subfield code="c">distributed free of charge by the Chamber of Commerce of Frederick County.</subfield>
            </datafield>
            <datafield tag="246" ind1="3" ind2="0">
               <subfield code="a">Maps of Frederick City and County</subfield>
            </datafield>
            <datafield tag="255" ind1=" " ind2=" ">
               <subfield code="a">Scale not given</subfield>
               <subfield code="c">(W 77°28ʹ41ʺ--W 77°21ʹ36ʺ/N 39°27ʹ28ʺ--N 39°22ʹ40ʺ).</subfield>
            </datafield>
            <datafield tag="255" ind1=" " ind2=" ">
               <subfield code="a">Scale not given</subfield>
               <subfield code="c">(W 77°40ʹ36ʺ--W 77°06ʹ24ʺ/N 39°43ʹ12ʺ--N 39°13ʹ12ʺ).</subfield>
            </datafield>
            <datafield tag="264" ind1=" " ind2="1">
               <subfield code="a">[Frederick, Maryland] :</subfield>
               <subfield code="b">Chamber of Commerce of Frederick County,</subfield>
               <subfield code="c">[1979]</subfield>
            </datafield>
            <datafield tag="300" ind1=" " ind2=" ">
               <subfield code="a">2 maps on 1 sheet :</subfield>
               <subfield code="b">both sides, color ;</subfield>
               <subfield code="c">34 x 43 cm and 47 x 43 cm, sheet 50 x 69 cm, folded to 23 x 9 cm</subfield>
            </datafield>
            <datafield tag="500" ind1=" " ind2=" ">
               <subfield code="a">Panel title.</subfield>
            </datafield>
            <datafield tag="500" ind1=" " ind2=" ">
               <subfield code="a">&quot;Original Map Base Copyrighted by Maryland State Highway Administration&quot;--County map.</subfield>
            </datafield>
            <datafield tag="500" ind1=" " ind2=" ">
               <subfield code="a">Includes text, indexes, col. ill., and advertisements.</subfield>
            </datafield>
            <datafield tag="505" ind1="0" ind2=" ">
               <subfield code="a">[Frederick and vicinity] -- Frederick County, Maryland.</subfield>
            </datafield>
            <datafield tag="651" ind1=" " ind2="0">
               <subfield code="a">Frederick (Md.)</subfield>
               <subfield code="v">Maps.</subfield>
            </datafield>
            <datafield tag="651" ind1=" " ind2="0">
               <subfield code="a">Frederick Metropolitan Area (Md.)</subfield>
               <subfield code="v">Maps.</subfield>
            </datafield>
            <datafield tag="651" ind1=" " ind2="0">
               <subfield code="a">Frederick County (Md.)</subfield>
               <subfield code="v">Maps.</subfield>
            </datafield>
            <datafield tag="651" ind1=" " ind2="7">
               <subfield code="a">Maryland</subfield>
               <subfield code="z">Frederick.</subfield>
               <subfield code="2">fast</subfield>
               <subfield code="0">(OCoLC)fst01206793</subfield>
            </datafield>
            <datafield tag="651" ind1=" " ind2="7">
               <subfield code="a">Maryland</subfield>
               <subfield code="z">Frederick County.</subfield>
               <subfield code="2">fast</subfield>
               <subfield code="0">(OCoLC)fst01205637</subfield>
            </datafield>
            <datafield tag="651" ind1=" " ind2="7">
               <subfield code="a">Maryland</subfield>
               <subfield code="z">Frederick Metropolitan Area.</subfield>
               <subfield code="2">fast</subfield>
               <subfield code="0">(OCoLC)fst01347152</subfield>
            </datafield>
            <datafield tag="655" ind1=" " ind2="7">
               <subfield code="a">Maps.</subfield>
               <subfield code="2">lcgft</subfield>
            </datafield>
            <datafield tag="655" ind1=" " ind2="7">
               <subfield code="a">Maps.</subfield>
               <subfield code="2">fast</subfield>
               <subfield code="0">(OCoLC)fst01423704</subfield>
            </datafield>
            <datafield tag="999" ind1=" " ind2=" ">
               <subfield code="a">G3844.F7 1979.C4</subfield>
               <subfield code="w">LC</subfield>
               <subfield code="c">1</subfield>
               <subfield code="i">000018297775</subfield>
               <subfield code="f">2/2/2018</subfield>
               <subfield code="g">1</subfield>
               <subfield code="l">MAPS-MP</subfield>
               <subfield code="m">UP-MAPS</subfield>
               <subfield code="r">Y</subfield>
               <subfield code="s">Y</subfield>
               <subfield code="t">MAP</subfield>
               <subfield code="u">8/9/2016</subfield>
            </datafield>
      </record>
    </metadata>
  </record>