
   <record> 
    <header>
      <identifier>oai:cat.libraries.psu.edu:18158580</identifier> 
      <datestamp>2022-12-16</datestamp>
      <setSpec>INSTR-MATL</setSpec> 
    </header>
    <metadata>
      <record xmlns="http://www.loc.gov/MARC21/slim" xsi:schemaLocation="http://www.loc.gov/MARC21/slim http://www.loc.gov/standards/marcxml/schema/MARC21slim.xsd" type="Bibliographic">
         <leader>     nam  22      a 4500</leader>
         <controlfield tag="008">160809n                      000 0 eng u</controlfield>
            <datafield tag="245" ind1="1" ind2=" ">
               <subfield code="a">Battleship (BWGame)</subfield>
            </datafield>
            <datafield tag="999" ind1=" " ind2=" ">
               <subfield code="a">EQUIPMENTBRANDYWIINE</subfield>
               <subfield code="w">AUTO</subfield>
               <subfield code="c">1</subfield>
               <subfield code="i">000065333990</subfield>
               <subfield code="d">12/1/2022</subfield>
               <subfield code="e">12/1/2022</subfield>
               <subfield code="k">DISPLAY</subfield>
               <subfield code="l">RESERVE-DE</subfield>
               <subfield code="m">BRANDYWINE</subfield>
               <subfield code="n">3</subfield>
               <subfield code="r">M</subfield>
               <subfield code="s">Y</subfield>
               <subfield code="t">INSTR-MATL</subfield>
               <subfield code="u">8/9/2016</subfield>
               <subfield code="o">.STAFF. 2 Game Units; 10 plastic ships; 168 white pegs; 84 red pegs</subfield>
            </datafield>
      </record>
    </metadata>
  </record>