
   <record> 
    <header>
      <identifier>oai:cat.libraries.psu.edu:1815859</identifier> 
      <datestamp>2022-12-16</datestamp>
      <setSpec>BOOK</setSpec> 
    </header>
    <metadata>
      <record xmlns="http://www.loc.gov/MARC21/slim" xsi:schemaLocation="http://www.loc.gov/MARC21/slim http://www.loc.gov/standards/marcxml/schema/MARC21slim.xsd" type="Bibliographic">
         <leader>     nem  22      i 4500</leader>
         <controlfield tag="008">981207t19981998xxuaf    b    000 0 eng d</controlfield>
            <datafield tag="010" ind1=" " ind2=" ">
               <subfield code="a">   96038117</subfield>
            </datafield>
            <datafield tag="020" ind1=" " ind2=" ">
               <subfield code="a">0271017163 (alk. paper)</subfield>
            </datafield>
            <datafield tag="035" ind1=" " ind2=" ">
               <subfield code="a">LIAS2244908</subfield>
            </datafield>
            <datafield tag="035" ind1=" " ind2=" ">
               <subfield code="a">(OCoLC)36103607</subfield>
            </datafield>
            <datafield tag="050" ind1="0" ind2="0">
               <subfield code="a">NA5551.R616</subfield>
               <subfield code="b">N43 1998</subfield>
            </datafield>
            <datafield tag="100" ind1="1" ind2=" ">
               <subfield code="a">Neagley, Linda Elaine.</subfield>
            </datafield>
            <datafield tag="245" ind1="1" ind2="0">
               <subfield code="a">Disciplined exuberance :</subfield>
               <subfield code="b">the Parish Church of Saint-Maclou and late Gothic architecture in Rouen /</subfield>
               <subfield code="c">Linda Elaine Neagley.</subfield>
            </datafield>
            <datafield tag="264" ind1=" " ind2="1">
               <subfield code="a">University Park, Pa. :</subfield>
               <subfield code="b">Pennsylvania State University Press,</subfield>
               <subfield code="c">[1998]</subfield>
            </datafield>
            <datafield tag="264" ind1=" " ind2="4">
               <subfield code="c">©1998</subfield>
            </datafield>
            <datafield tag="300" ind1=" " ind2=" ">
               <subfield code="a">xiii, 168 pages, 148 plates :</subfield>
               <subfield code="b">illustrations, maps ;</subfield>
               <subfield code="c">29 cm</subfield>
            </datafield>
            <datafield tag="504" ind1=" " ind2=" ">
               <subfield code="a">Includes bibliographical references (pages [157]-163) and index.</subfield>
            </datafield>
            <datafield tag="600" ind1="1" ind2="0">
               <subfield code="a">Robin, Pierre,</subfield>
               <subfield code="c">Master mason</subfield>
               <subfield code="x">Criticism and interpretation.</subfield>
            </datafield>
            <datafield tag="610" ind1="2" ind2="0">
               <subfield code="a">Saint Maclou (Church : Rouen, France)</subfield>
            </datafield>
            <datafield tag="650" ind1=" " ind2="0">
               <subfield code="a">Architecture, Gothic</subfield>
               <subfield code="z">France</subfield>
               <subfield code="z">Rouen.</subfield>
            </datafield>
            <datafield tag="650" ind1=" " ind2="0">
               <subfield code="a">Church architecture</subfield>
               <subfield code="z">France</subfield>
               <subfield code="z">Rouen.</subfield>
            </datafield>
            <datafield tag="651" ind1=" " ind2="0">
               <subfield code="a">Rouen (France)</subfield>
               <subfield code="x">Buildings, structures, etc.</subfield>
            </datafield>
            <datafield tag="999" ind1=" " ind2=" ">
               <subfield code="a">NA5551.R616N43 1998</subfield>
               <subfield code="w">LC</subfield>
               <subfield code="c">1</subfield>
               <subfield code="i">000032956146</subfield>
               <subfield code="d">5/6/2018</subfield>
               <subfield code="e">12/10/2002</subfield>
               <subfield code="l">PATTEE-2</subfield>
               <subfield code="m">UP-PAT</subfield>
               <subfield code="n">3</subfield>
               <subfield code="q">1</subfield>
               <subfield code="r">Y</subfield>
               <subfield code="s">Y</subfield>
               <subfield code="t">BOOK</subfield>
               <subfield code="u">4/13/2001</subfield>
            </datafield>
            <datafield tag="999" ind1=" " ind2=" ">
               <subfield code="a">NA5551.R616N43 1998</subfield>
               <subfield code="w">LC</subfield>
               <subfield code="c">1</subfield>
               <subfield code="i">000033350639</subfield>
               <subfield code="d">12/15/1998</subfield>
               <subfield code="e">12/16/1998</subfield>
               <subfield code="l">PSUPRESS</subfield>
               <subfield code="m">UP-SPECCOL</subfield>
               <subfield code="r">Y</subfield>
               <subfield code="s">Y</subfield>
               <subfield code="t">BOOK</subfield>
               <subfield code="u">4/13/2001</subfield>
            </datafield>
      </record>
    </metadata>
  </record>