
   <record> 
    <header>
      <identifier>oai:cat.libraries.psu.edu:18158590</identifier> 
      <datestamp>2022-12-16</datestamp>
      <setSpec>MAP</setSpec> 
    </header>
    <metadata>
      <record xmlns="http://www.loc.gov/MARC21/slim" xsi:schemaLocation="http://www.loc.gov/MARC21/slim http://www.loc.gov/standards/marcxml/schema/MARC21slim.xsd" type="Bibliographic">
         <leader>     nam  22     7a 4500</leader>
         <controlfield tag="008">160715s2016    nmubg     a  f  1   eng  </controlfield>
            <datafield tag="010" ind1=" " ind2=" ">
               <subfield code="a">  2016588171</subfield>
            </datafield>
            <datafield tag="035" ind1=" " ind2=" ">
               <subfield code="a">(OCoLC)953736646</subfield>
            </datafield>
            <datafield tag="050" ind1="0" ind2="0">
               <subfield code="a">G4322.G5E635 2016</subfield>
               <subfield code="b">.U5</subfield>
            </datafield>
            <datafield tag="110" ind1="1" ind2=" ">
               <subfield code="a">United States.</subfield>
               <subfield code="b">Forest Service.</subfield>
               <subfield code="b">Southwestern Region,</subfield>
               <subfield code="e">cartographer,</subfield>
               <subfield code="e">issuing body.</subfield>
            </datafield>
            <datafield tag="245" ind1="1" ind2="0">
               <subfield code="a">Gila National Forest, New Mexico :</subfield>
               <subfield code="b">2016 /</subfield>
               <subfield code="c">Forest Service, U.S. Department of Agriculture.</subfield>
            </datafield>
            <datafield tag="246" ind1="1" ind2=" ">
               <subfield code="i">Panel title:</subfield>
               <subfield code="a">Gila National Forest, New Mexico, pocket guide</subfield>
            </datafield>
            <datafield tag="255" ind1=" " ind2=" ">
               <subfield code="a">Scale approximately 1:800,000</subfield>
               <subfield code="c">(W 109°04ʹ59ʺ--W 106°52ʹ20ʺ/N 34°24ʹ57ʺ--N 32°07ʹ53ʺ).</subfield>
            </datafield>
            <datafield tag="264" ind1=" " ind2="1">
               <subfield code="a">[Albuquerque, New Mexico] :</subfield>
               <subfield code="b">Forest Service, U.S. Department of Agriculture, Southwestern Region,</subfield>
               <subfield code="c">[2016]</subfield>
            </datafield>
            <datafield tag="300" ind1=" " ind2=" ">
               <subfield code="a">1 map :</subfield>
               <subfield code="b">color, plastic-treated ;</subfield>
               <subfield code="c">33 x 27 cm, folded to 14 x 8 cm</subfield>
            </datafield>
            <datafield tag="500" ind1=" " ind2=" ">
               <subfield code="a">Tourist/recreation map.</subfield>
            </datafield>
            <datafield tag="500" ind1=" " ind2=" ">
               <subfield code="a">Relief shown by shading and spot heights.</subfield>
            </datafield>
            <datafield tag="500" ind1=" " ind2=" ">
               <subfield code="a">Includes note and descriptive index to recreation sites.</subfield>
            </datafield>
            <datafield tag="500" ind1=" " ind2=" ">
               <subfield code="a">Text, descriptive list of points of interest, location map, and color illustrations on verso.</subfield>
            </datafield>
            <datafield tag="500" ind1=" " ind2=" ">
               <subfield code="a">&quot;RG-R3-06-04.&quot;</subfield>
            </datafield>
            <datafield tag="500" ind1=" " ind2=" ">
               <subfield code="a">Shipping list no.: 2016-0319-P.</subfield>
            </datafield>
            <datafield tag="650" ind1=" " ind2="0">
               <subfield code="a">Recreation areas</subfield>
               <subfield code="z">New Mexico</subfield>
               <subfield code="z">Gila National Forest</subfield>
               <subfield code="v">Maps.</subfield>
            </datafield>
            <datafield tag="650" ind1=" " ind2="7">
               <subfield code="a">Recreation areas.</subfield>
               <subfield code="2">fast</subfield>
               <subfield code="0">(OCoLC)fst01091789</subfield>
            </datafield>
            <datafield tag="651" ind1=" " ind2="0">
               <subfield code="a">Gila National Forest (N.M.)</subfield>
               <subfield code="v">Maps.</subfield>
            </datafield>
            <datafield tag="651" ind1=" " ind2="7">
               <subfield code="a">New Mexico</subfield>
               <subfield code="z">Gila National Forest.</subfield>
               <subfield code="2">fast</subfield>
               <subfield code="0">(OCoLC)fst01250518</subfield>
            </datafield>
            <datafield tag="655" ind1=" " ind2="7">
               <subfield code="a">Tourist maps.</subfield>
               <subfield code="2">lcgft</subfield>
            </datafield>
            <datafield tag="655" ind1=" " ind2="7">
               <subfield code="a">Maps.</subfield>
               <subfield code="2">fast</subfield>
               <subfield code="0">(OCoLC)fst01423704</subfield>
            </datafield>
            <datafield tag="655" ind1=" " ind2="7">
               <subfield code="a">Tourist maps.</subfield>
               <subfield code="2">fast</subfield>
               <subfield code="0">(OCoLC)fst01423809</subfield>
            </datafield>
            <datafield tag="999" ind1=" " ind2=" ">
               <subfield code="a">G4322.G5E635 2016.U5</subfield>
               <subfield code="w">LC</subfield>
               <subfield code="c">1</subfield>
               <subfield code="i">000078895560</subfield>
               <subfield code="l">MAPS-MP</subfield>
               <subfield code="m">UP-MAPS</subfield>
               <subfield code="r">Y</subfield>
               <subfield code="s">Y</subfield>
               <subfield code="t">MAP</subfield>
               <subfield code="u">8/9/2016</subfield>
            </datafield>
      </record>
    </metadata>
  </record>