
   <record> 
    <header>
      <identifier>oai:cat.libraries.psu.edu:18158595</identifier> 
      <datestamp>2022-12-16</datestamp>
      <setSpec>BOOK</setSpec> 
      <setSpec>MAP</setSpec> 
    </header>
    <metadata>
      <record xmlns="http://www.loc.gov/MARC21/slim" xsi:schemaLocation="http://www.loc.gov/MARC21/slim http://www.loc.gov/standards/marcxml/schema/MARC21slim.xsd" type="Bibliographic">
         <leader>     nam  22     7a 4500</leader>
         <controlfield tag="008">160802s2016    dcubg     a  f  0   spa c</controlfield>
            <datafield tag="035" ind1=" " ind2=" ">
               <subfield code="a">(OCoLC)954488430</subfield>
            </datafield>
            <datafield tag="041" ind1="1" ind2=" ">
               <subfield code="a">spa</subfield>
               <subfield code="h">eng</subfield>
            </datafield>
            <datafield tag="050" ind1=" " ind2="4">
               <subfield code="a">G4362.Y6 2016</subfield>
               <subfield code="b">.U5</subfield>
            </datafield>
            <datafield tag="110" ind1="1" ind2=" ">
               <subfield code="a">United States.</subfield>
               <subfield code="b">National Park Service</subfield>
               <subfield code="e">cartographer.</subfield>
            </datafield>
            <datafield tag="245" ind1="1" ind2="0">
               <subfield code="a">Yosemite (Spanish edition) :</subfield>
               <subfield code="b">Yosemite National Park, California /</subfield>
               <subfield code="c">Servicio de Parques Nacionales (National Park Service).</subfield>
            </datafield>
            <datafield tag="246" ind1="1" ind2=" ">
               <subfield code="i">Map title:</subfield>
               <subfield code="a">Valle de Yosemite</subfield>
            </datafield>
            <datafield tag="250" ind1=" " ind2=" ">
               <subfield code="a">Spanish edition.</subfield>
            </datafield>
            <datafield tag="255" ind1=" " ind2=" ">
               <subfield code="a">Scale approximately 1:55,000</subfield>
               <subfield code="c">(W 119°43ʹ36ʺ--W 119°29ʹ05ʺ/N 37°46ʹ19ʺ--N 37°41ʹ39ʺ).</subfield>
            </datafield>
            <datafield tag="264" ind1=" " ind2="1">
               <subfield code="a">[Washington, D.C.] :</subfield>
               <subfield code="b">National Park Service, U.S. Department of the Interior,</subfield>
               <subfield code="c">[2016]</subfield>
            </datafield>
            <datafield tag="300" ind1=" " ind2=" ">
               <subfield code="a">1 map :</subfield>
               <subfield code="b">color ;</subfield>
               <subfield code="c">23 x 42 cm, on sheet 59 x 42 cm, folded to 10 x 21 cm</subfield>
            </datafield>
            <datafield tag="500" ind1=" " ind2=" ">
               <subfield code="a">Title from panel.</subfield>
            </datafield>
            <datafield tag="500" ind1=" " ind2=" ">
               <subfield code="a">Relief shown by shading and spot heights.</subfield>
            </datafield>
            <datafield tag="500" ind1=" " ind2=" ">
               <subfield code="a">Includes text and illustrations.</subfield>
            </datafield>
            <datafield tag="500" ind1=" " ind2=" ">
               <subfield code="a">Text and illustrations on verso.</subfield>
            </datafield>
            <datafield tag="500" ind1=" " ind2=" ">
               <subfield code="a">&quot;06/16.&quot;</subfield>
            </datafield>
            <datafield tag="500" ind1=" " ind2=" ">
               <subfield code="a">Shipping list no.: 2016-0323-P.</subfield>
            </datafield>
            <datafield tag="650" ind1=" " ind2="0">
               <subfield code="a">National parks and reserves</subfield>
               <subfield code="z">California</subfield>
               <subfield code="v">Maps.</subfield>
            </datafield>
            <datafield tag="651" ind1=" " ind2="0">
               <subfield code="a">Yosemite National Park (Calif.)</subfield>
               <subfield code="v">Maps.</subfield>
            </datafield>
            <datafield tag="651" ind1=" " ind2="0">
               <subfield code="a">Yosemite Valley (Calif.)</subfield>
               <subfield code="v">Maps.</subfield>
            </datafield>
            <datafield tag="655" ind1=" " ind2="7">
               <subfield code="a">Tourist maps.</subfield>
               <subfield code="2">lcgft</subfield>
            </datafield>
            <datafield tag="999" ind1=" " ind2=" ">
               <subfield code="a">I 29.6:Y 8/15/SPAN/2016</subfield>
               <subfield code="w">SUDOC</subfield>
               <subfield code="c">1</subfield>
               <subfield code="i">000047343948</subfield>
               <subfield code="l">DOCS-NK</subfield>
               <subfield code="m">NEWKEN</subfield>
               <subfield code="r">Y</subfield>
               <subfield code="s">Y</subfield>
               <subfield code="t">BOOK</subfield>
               <subfield code="u">8/17/2016</subfield>
            </datafield>
            <datafield tag="999" ind1=" " ind2=" ">
               <subfield code="a">G4362.Y6 2016.U5</subfield>
               <subfield code="w">LC</subfield>
               <subfield code="c">1</subfield>
               <subfield code="i">000078895546</subfield>
               <subfield code="l">MAPS-MP</subfield>
               <subfield code="m">UP-MAPS</subfield>
               <subfield code="r">Y</subfield>
               <subfield code="s">Y</subfield>
               <subfield code="t">MAP</subfield>
               <subfield code="u">8/9/2016</subfield>
            </datafield>
      </record>
    </metadata>
  </record>