
   <record> 
    <header>
      <identifier>oai:cat.libraries.psu.edu:18158599</identifier> 
      <datestamp>2022-12-16</datestamp>
      <setSpec>BOOK</setSpec> 
    </header>
    <metadata>
      <record xmlns="http://www.loc.gov/MARC21/slim" xsi:schemaLocation="http://www.loc.gov/MARC21/slim http://www.loc.gov/standards/marcxml/schema/MARC21slim.xsd" type="Bibliographic">
         <leader>     nam  22     8  4500</leader>
         <controlfield tag="008">170527s2015    txua     c   f000 0 eng c</controlfield>
            <datafield tag="010" ind1=" " ind2=" ">
               <subfield code="a">  2017380822</subfield>
            </datafield>
            <datafield tag="035" ind1=" " ind2=" ">
               <subfield code="a">tmp97437572</subfield>
            </datafield>
            <datafield tag="100" ind1="1" ind2=" ">
               <subfield code="a">McPherson, Kevin,</subfield>
               <subfield code="e">author.</subfield>
               <subfield code="0">http://id.loc.gov/authorities/names/no2016166509</subfield>
            </datafield>
            <datafield tag="245" ind1="1" ind2="0">
               <subfield code="a">Acceleration environment /</subfield>
               <subfield code="c">Kevin McPherson [and three others].</subfield>
            </datafield>
            <datafield tag="264" ind1=" " ind2="1">
               <subfield code="a">[Houston, Texas] :</subfield>
               <subfield code="b">National Aeronautics and Space Administration,</subfield>
               <subfield code="c">2015.</subfield>
            </datafield>
            <datafield tag="300" ind1=" " ind2=" ">
               <subfield code="a">49 pages :</subfield>
               <subfield code="b">color illustrations ;</subfield>
               <subfield code="c">22 cm.</subfield>
            </datafield>
            <datafield tag="490" ind1="1" ind2=" ">
               <subfield code="a">A researcher's guide to International Space Station</subfield>
            </datafield>
            <datafield tag="500" ind1=" " ind2=" ">
               <subfield code="a">Cover title.</subfield>
            </datafield>
            <datafield tag="500" ind1=" " ind2=" ">
               <subfield code="a">Shipping list no.: 2016-0323-P.</subfield>
            </datafield>
            <datafield tag="500" ind1=" " ind2=" ">
               <subfield code="a">&quot;NASA ISS Program Science Office&quot;--Page 2.</subfield>
            </datafield>
            <datafield tag="500" ind1=" " ind2=" ">
               <subfield code="a">&quot;Authors: Kevin McPherson [and three others]&quot;--Page 2.</subfield>
            </datafield>
            <datafield tag="500" ind1=" " ind2=" ">
               <subfield code="a">&quot;Johnson Space Center&quot;--Page 4 of cover.</subfield>
            </datafield>
            <datafield tag="500" ind1=" " ind2=" ">
               <subfield code="a">&quot;NP-2015-11-040-JSC&quot;--Page 4 of cover.</subfield>
            </datafield>
            <datafield tag="504" ind1=" " ind2=" ">
               <subfield code="a">Includes bibliographical references (page 46).</subfield>
            </datafield>
            <datafield tag="610" ind1="2" ind2="0">
               <subfield code="a">International Space Station</subfield>
               <subfield code="0">http://id.loc.gov/authorities/names/no96035149</subfield>
            </datafield>
            <datafield tag="610" ind1="2" ind2="7">
               <subfield code="a">International Space Station</subfield>
               <subfield code="2">fast</subfield>
               <subfield code="0">(OCoLC)fst00718638</subfield>
            </datafield>
            <datafield tag="650" ind1=" " ind2="0">
               <subfield code="a">Reduced gravity environments.</subfield>
               <subfield code="0">http://id.loc.gov/authorities/subjects/sh86005173</subfield>
            </datafield>
            <datafield tag="650" ind1=" " ind2="7">
               <subfield code="a">Reduced gravity environments.</subfield>
               <subfield code="2">fast</subfield>
               <subfield code="0">(OCoLC)fst01092280</subfield>
            </datafield>
            <datafield tag="710" ind1="1" ind2=" ">
               <subfield code="a">United States.</subfield>
               <subfield code="b">National Aeronautics and Space Administration</subfield>
               <subfield code="e">issuing body.</subfield>
               <subfield code="0">http://id.loc.gov/authorities/names/n78087581</subfield>
            </datafield>
            <datafield tag="776" ind1="0" ind2="8">
               <subfield code="i">Online version:</subfield>
               <subfield code="a">McPherson, Kevin.</subfield>
               <subfield code="t">Acceleration environment</subfield>
               <subfield code="w">(OCoLC)966692081</subfield>
            </datafield>
            <datafield tag="830" ind1=" " ind2="0">
               <subfield code="a">Researcher's guide to International Space Station.</subfield>
               <subfield code="0">http://id.loc.gov/authorities/names/no2014091424</subfield>
            </datafield>
            <datafield tag="999" ind1=" " ind2=" ">
               <subfield code="a">NAS 1.83:2015-11-040-JSC</subfield>
               <subfield code="w">SUDOC</subfield>
               <subfield code="c">1</subfield>
               <subfield code="i">000078897809</subfield>
               <subfield code="l">DOC-US</subfield>
               <subfield code="m">UP-PAT</subfield>
               <subfield code="r">Y</subfield>
               <subfield code="s">Y</subfield>
               <subfield code="t">BOOK</subfield>
               <subfield code="u">8/9/2016</subfield>
            </datafield>
      </record>
    </metadata>
  </record>