
   <record> 
    <header>
      <identifier>oai:cat.libraries.psu.edu:1815860</identifier> 
      <datestamp>2022-12-16</datestamp>
      <setSpec>MICROFORM</setSpec> 
    </header>
    <metadata>
      <record xmlns="http://www.loc.gov/MARC21/slim" xsi:schemaLocation="http://www.loc.gov/MARC21/slim http://www.loc.gov/standards/marcxml/schema/MARC21slim.xsd" type="Bibliographic">
         <leader>     cam  22      i 4500</leader>
         <controlfield tag="008">930224s1987    xxu     b     000 0 eng d</controlfield>
            <datafield tag="035" ind1=" " ind2=" ">
               <subfield code="a">LIAS1674826</subfield>
            </datafield>
            <datafield tag="035" ind1=" " ind2=" ">
               <subfield code="a">10/17/1991</subfield>
            </datafield>
            <datafield tag="035" ind1=" " ind2=" ">
               <subfield code="a">(OCoLC)24885336</subfield>
            </datafield>
            <datafield tag="110" ind1="2" ind2=" ">
               <subfield code="a">National Acid Precipitation Assessment Program (U.S.)</subfield>
            </datafield>
            <datafield tag="245" ind1="1" ind2="0">
               <subfield code="a">Summary report of the National Acid Precipitation Assessment Program's Terrestrial Effects Peer Review Meeting</subfield>
               <subfield code="h">[microform] :</subfield>
               <subfield code="b">March 8-13, 1987, the Ritz-Carlton, Buckhead, Atlanta, GA /</subfield>
               <subfield code="c">prepared by ICAIR, Life Systems, Inc. ... ; sponsored by the National Acid Precipitation Assessment Program.</subfield>
            </datafield>
            <datafield tag="264" ind1=" " ind2="1">
               <subfield code="a">Cleveland, OH :</subfield>
               <subfield code="b">Life Systems, Inc.,</subfield>
               <subfield code="c">[1987?]</subfield>
            </datafield>
            <datafield tag="300" ind1=" " ind2=" ">
               <subfield code="a">1 volume (various pagings) ;</subfield>
               <subfield code="c">28 cm</subfield>
            </datafield>
            <datafield tag="500" ind1=" " ind2=" ">
               <subfield code="a">Cover title: Report on the terrestrial effects research review meeting (Task Group V) of the National Acid Precipitation Assessment Program, March 8-13, 1987, Atlanta, Georgia.</subfield>
            </datafield>
            <datafield tag="650" ind1=" " ind2="0">
               <subfield code="a">Acid rain</subfield>
               <subfield code="x">Research</subfield>
               <subfield code="z">United States.</subfield>
            </datafield>
            <datafield tag="650" ind1=" " ind2="0">
               <subfield code="a">Acid precipitation (Meteorology)</subfield>
               <subfield code="x">Research</subfield>
               <subfield code="z">United States.</subfield>
            </datafield>
            <datafield tag="650" ind1=" " ind2="0">
               <subfield code="a">Acid deposition</subfield>
               <subfield code="z">United States.</subfield>
            </datafield>
            <datafield tag="710" ind1="2" ind2=" ">
               <subfield code="a">National Acid Precipitation Assessment Program (U.S.)</subfield>
            </datafield>
            <datafield tag="710" ind1="2" ind2=" ">
               <subfield code="a">Life Systems, Inc.</subfield>
            </datafield>
            <datafield tag="740" ind1="0" ind2=" ">
               <subfield code="a">Report on the terrestrial effects research review meeting (Task Group V) of the National Acid Precipitation Assessment Program, March 8-13, 1987, Atlanta, Georgia.</subfield>
            </datafield>
            <datafield tag="533" ind1=" " ind2=" ">
               <subfield code="a">Microfiche.</subfield>
               <subfield code="b">Washington, D.C. :</subfield>
               <subfield code="c">U.S. G.P.O.,</subfield>
               <subfield code="d">1991.</subfield>
               <subfield code="e">2 microfiches : negative ; 11x15 cm.</subfield>
            </datafield>
            <datafield tag="999" ind1=" " ind2=" ">
               <subfield code="a">Y 3.IN 8/31:2 T 27</subfield>
               <subfield code="w">SUDOC</subfield>
               <subfield code="c">1</subfield>
               <subfield code="i">1815860-1001</subfield>
               <subfield code="d">2/24/1993</subfield>
               <subfield code="l">DOC-US</subfield>
               <subfield code="m">UP-PAT</subfield>
               <subfield code="r">Y</subfield>
               <subfield code="s">Y</subfield>
               <subfield code="t">MICROFORM</subfield>
               <subfield code="u">4/13/2001</subfield>
            </datafield>
      </record>
    </metadata>
  </record>