
   <record> 
    <header>
      <identifier>oai:cat.libraries.psu.edu:18158600</identifier> 
      <datestamp>2022-12-16</datestamp>
      <setSpec>BOOK</setSpec> 
    </header>
    <metadata>
      <record xmlns="http://www.loc.gov/MARC21/slim" xsi:schemaLocation="http://www.loc.gov/MARC21/slim http://www.loc.gov/standards/marcxml/schema/MARC21slim.xsd" type="Bibliographic">
         <leader>     nam  22     7a 4500</leader>
         <controlfield tag="008">160708s2016    dcu      z   f000 0 eng c</controlfield>
            <datafield tag="035" ind1=" " ind2=" ">
               <subfield code="a">tmp97437495</subfield>
            </datafield>
            <datafield tag="035" ind1=" " ind2=" ">
               <subfield code="a">(OCoLC)953250135</subfield>
            </datafield>
            <datafield tag="130" ind1="0" ind2=" ">
               <subfield code="a">North Atlantic Treaty</subfield>
               <subfield code="d">(1949 April 4).</subfield>
               <subfield code="k">Protocols, etc.</subfield>
               <subfield code="d">(2016 May 19)</subfield>
               <subfield code="0">http://id.loc.gov/authorities/names/no2016097189</subfield>
            </datafield>
            <datafield tag="245" ind1="1" ind2="0">
               <subfield code="a">Protocol to the North Atlantic Treaty of 1949 on the Accession of Montenegro :</subfield>
               <subfield code="b">message from the President of the United States transmitting Protocol to the North Atlantic Treaty of 1949 on the Accession of Montenegro.</subfield>
            </datafield>
            <datafield tag="264" ind1=" " ind2="1">
               <subfield code="a">Washington :</subfield>
               <subfield code="b">U.S. Government Publishing Office,</subfield>
               <subfield code="c">2016.</subfield>
            </datafield>
            <datafield tag="300" ind1=" " ind2=" ">
               <subfield code="a">vii, 6 pages ;</subfield>
               <subfield code="c">24 cm.</subfield>
            </datafield>
            <datafield tag="490" ind1="1" ind2=" ">
               <subfield code="a">Treaty doc. ;</subfield>
               <subfield code="v">114-12</subfield>
            </datafield>
            <datafield tag="500" ind1=" " ind2=" ">
               <subfield code="a">Shipping list no.: 2016-0315-P.</subfield>
            </datafield>
            <datafield tag="500" ind1=" " ind2=" ">
               <subfield code="a">At head of title: 114th Congress, 2d session. Senate.</subfield>
            </datafield>
            <datafield tag="500" ind1=" " ind2=" ">
               <subfield code="a">&quot;Referred to the Committee on Foreign Relations.&quot;</subfield>
            </datafield>
            <datafield tag="500" ind1=" " ind2=" ">
               <subfield code="a">&quot;June 28, 2016.&quot;</subfield>
            </datafield>
            <datafield tag="610" ind1="2" ind2="0">
               <subfield code="a">North Atlantic Treaty Organization</subfield>
               <subfield code="0">http://id.loc.gov/authorities/names/n79006743</subfield>
            </datafield>
            <datafield tag="610" ind1="2" ind2="7">
               <subfield code="a">North Atlantic Treaty Organization</subfield>
               <subfield code="2">fast</subfield>
               <subfield code="0">(OCoLC)fst00529467</subfield>
            </datafield>
            <datafield tag="650" ind1=" " ind2="0">
               <subfield code="a">National security</subfield>
               <subfield code="z">Montenegro.</subfield>
            </datafield>
            <datafield tag="650" ind1=" " ind2="7">
               <subfield code="a">National security.</subfield>
               <subfield code="2">fast</subfield>
               <subfield code="0">(OCoLC)fst01033711</subfield>
            </datafield>
            <datafield tag="650" ind1=" " ind2="7">
               <subfield code="a">Politics and government.</subfield>
               <subfield code="2">fast</subfield>
               <subfield code="0">(OCoLC)fst01919741</subfield>
            </datafield>
            <datafield tag="651" ind1=" " ind2="0">
               <subfield code="a">Montenegro</subfield>
               <subfield code="x">Politics and government.</subfield>
               <subfield code="0">http://id.loc.gov/authorities/subjects/sh2002004703</subfield>
            </datafield>
            <datafield tag="651" ind1=" " ind2="7">
               <subfield code="a">Montenegro.</subfield>
               <subfield code="2">fast</subfield>
               <subfield code="0">(OCoLC)fst01692600</subfield>
            </datafield>
            <datafield tag="655" ind1=" " ind2="7">
               <subfield code="a">Treaties.</subfield>
               <subfield code="2">lcgft</subfield>
               <subfield code="0">http://id.loc.gov/authorities/genreForms/gf2011026707</subfield>
            </datafield>
            <datafield tag="655" ind1=" " ind2="7">
               <subfield code="a">Treaties.</subfield>
               <subfield code="2">fast</subfield>
               <subfield code="0">(OCoLC)fst01423868</subfield>
            </datafield>
            <datafield tag="710" ind1="1" ind2=" ">
               <subfield code="a">United States.</subfield>
               <subfield code="b">President (2009-2017 : Obama),</subfield>
               <subfield code="e">author.</subfield>
               <subfield code="4">http://id.loc.gov/vocabulary/relators/aut</subfield>
               <subfield code="0">http://id.loc.gov/authorities/names/no2008168642</subfield>
            </datafield>
            <datafield tag="710" ind1="1" ind2=" ">
               <subfield code="a">United States.</subfield>
               <subfield code="b">Congress.</subfield>
               <subfield code="b">Senate.</subfield>
               <subfield code="b">Committee on Foreign Relations,</subfield>
               <subfield code="e">issuing body.</subfield>
               <subfield code="4">http://id.loc.gov/vocabulary/relators/isb</subfield>
               <subfield code="0">http://id.loc.gov/authorities/names/n78008230</subfield>
            </datafield>
            <datafield tag="776" ind1="0" ind2="8">
               <subfield code="i">Microfiche version:</subfield>
               <subfield code="t">Protocol to the North Atlantic Treaty of 1949 on the Accession of Montenegro</subfield>
               <subfield code="w">(OCoLC)969918639</subfield>
            </datafield>
            <datafield tag="776" ind1="0" ind2="8">
               <subfield code="i">Online version:</subfield>
               <subfield code="t">Protocol to the North Atlantic Treaty of 1949 on the Accession of Montenegro</subfield>
               <subfield code="w">(OCoLC)953250831</subfield>
            </datafield>
            <datafield tag="830" ind1=" " ind2="0">
               <subfield code="a">Treaty doc. ;</subfield>
               <subfield code="v">114-12.</subfield>
               <subfield code="0">http://id.loc.gov/authorities/names/n86729721</subfield>
            </datafield>
            <datafield tag="999" ind1=" " ind2=" ">
               <subfield code="a">Y 1.1/4:114-12</subfield>
               <subfield code="w">SUDOC</subfield>
               <subfield code="c">1</subfield>
               <subfield code="i">000078895638</subfield>
               <subfield code="l">DOC-US</subfield>
               <subfield code="m">UP-PAT</subfield>
               <subfield code="r">Y</subfield>
               <subfield code="s">Y</subfield>
               <subfield code="t">BOOK</subfield>
               <subfield code="u">8/9/2016</subfield>
            </datafield>
      </record>
    </metadata>
  </record>