
   <record> 
    <header>
      <identifier>oai:cat.libraries.psu.edu:18158602</identifier> 
      <datestamp>2022-12-16</datestamp>
      <setSpec>BOOK</setSpec> 
    </header>
    <metadata>
      <record xmlns="http://www.loc.gov/MARC21/slim" xsi:schemaLocation="http://www.loc.gov/MARC21/slim http://www.loc.gov/standards/marcxml/schema/MARC21slim.xsd" type="Bibliographic">
         <leader>     cam  22      i 4500</leader>
         <controlfield tag="008">160808s2016    xxu          f000 0 eng d</controlfield>
            <datafield tag="245" ind1="0" ind2="0">
               <subfield code="a">Further Revised Allocation to Subcommittees of Budget Totals for Fiscal Years 2016 and 2017, Senate Report 114-286, June 27, 2016, 114-2.</subfield>
            </datafield>
            <datafield tag="264" ind1=" " ind2="1">
               <subfield code="a">[Place of publication not identified] :</subfield>
               <subfield code="b">[publisher not identified],</subfield>
               <subfield code="c">[2016?]</subfield>
            </datafield>
            <datafield tag="500" ind1=" " ind2=" ">
               <subfield code="a">Shipping List #: 2016-0315-P</subfield>
            </datafield>
            <datafield tag="500" ind1=" " ind2=" ">
               <subfield code="a">Shipping List Date: 07/21/2016</subfield>
            </datafield>
            <datafield tag="710" ind1="1" ind2=" ">
               <subfield code="a">United States.</subfield>
               <subfield code="b">Congress.</subfield>
               <subfield code="b">Senate.</subfield>
            </datafield>
            <datafield tag="999" ind1=" " ind2=" ">
               <subfield code="a">Y 1.1/5:114-286</subfield>
               <subfield code="w">SUDOC</subfield>
               <subfield code="c">1</subfield>
               <subfield code="i">000078895669</subfield>
               <subfield code="l">DOC-US</subfield>
               <subfield code="m">UP-PAT</subfield>
               <subfield code="r">Y</subfield>
               <subfield code="s">Y</subfield>
               <subfield code="t">BOOK</subfield>
               <subfield code="u">8/9/2016</subfield>
            </datafield>
      </record>
    </metadata>
  </record>