
   <record> 
    <header>
      <identifier>oai:cat.libraries.psu.edu:18158603</identifier> 
      <datestamp>2022-12-16</datestamp>
      <setSpec>BOOK</setSpec> 
    </header>
    <metadata>
      <record xmlns="http://www.loc.gov/MARC21/slim" xsi:schemaLocation="http://www.loc.gov/MARC21/slim http://www.loc.gov/standards/marcxml/schema/MARC21slim.xsd" type="Bibliographic">
         <leader>     cam  22      i 4500</leader>
         <controlfield tag="008">160714s2016    dcu      b   f000 0 eng c</controlfield>
            <datafield tag="035" ind1=" " ind2=" ">
               <subfield code="a">tmp97437555</subfield>
            </datafield>
            <datafield tag="035" ind1=" " ind2=" ">
               <subfield code="a">(OCoLC)953583498</subfield>
            </datafield>
            <datafield tag="110" ind1="1" ind2=" ">
               <subfield code="a">United States.</subfield>
               <subfield code="b">Congress.</subfield>
               <subfield code="b">Senate.</subfield>
               <subfield code="b">Committee on Homeland Security and Governmental Affairs,</subfield>
               <subfield code="e">author.</subfield>
               <subfield code="0">http://id.loc.gov/authorities/names/no2005015918</subfield>
            </datafield>
            <datafield tag="245" ind1="1" ind2="0">
               <subfield code="a">DHS Accountability Act of 2016 :</subfield>
               <subfield code="b">report of the Committee on Homeland Security and Governmental Affairs, United States Senate, to accompany S. 2976, to amend the Homeland Security Act of 2002 to reform, streamline, and make improvements to the Department of Homeland Security and support the Department's efforts to implement better policy, planning, management, and performance, and for other purposes.</subfield>
            </datafield>
            <datafield tag="246" ind1="3" ind2=" ">
               <subfield code="a">Department of Homeland Security Accountability Act of 2016</subfield>
            </datafield>
            <datafield tag="264" ind1=" " ind2="1">
               <subfield code="a">Washington :</subfield>
               <subfield code="b">U.S. Government Publishing Office,</subfield>
               <subfield code="c">2016.</subfield>
            </datafield>
            <datafield tag="300" ind1=" " ind2=" ">
               <subfield code="a">ii, 58 pages ;</subfield>
               <subfield code="c">24 cm.</subfield>
            </datafield>
            <datafield tag="490" ind1="1" ind2=" ">
               <subfield code="a">Report / 114th Congress, 2d session, Senate ;</subfield>
               <subfield code="v">114-287</subfield>
            </datafield>
            <datafield tag="500" ind1=" " ind2=" ">
               <subfield code="a">Shipping list no.: 2016-0321-P.</subfield>
            </datafield>
            <datafield tag="500" ind1=" " ind2=" ">
               <subfield code="a">&quot;June 28, 2016.&quot;</subfield>
            </datafield>
            <datafield tag="504" ind1=" " ind2=" ">
               <subfield code="a">Includes bibliographical references.</subfield>
            </datafield>
            <datafield tag="610" ind1="1" ind2="0">
               <subfield code="a">United States.</subfield>
               <subfield code="b">Department of Homeland Security</subfield>
               <subfield code="x">Management.</subfield>
            </datafield>
            <datafield tag="610" ind1="1" ind2="0">
               <subfield code="a">United States.</subfield>
               <subfield code="b">Department of Homeland Security</subfield>
               <subfield code="x">Personnel management.</subfield>
            </datafield>
            <datafield tag="610" ind1="1" ind2="7">
               <subfield code="a">United States.</subfield>
               <subfield code="b">Department of Homeland Security.</subfield>
               <subfield code="2">fast</subfield>
               <subfield code="0">(OCoLC)fst01802760</subfield>
            </datafield>
            <datafield tag="650" ind1=" " ind2="0">
               <subfield code="a">National security</subfield>
               <subfield code="x">Law and legislation</subfield>
               <subfield code="z">United States.</subfield>
               <subfield code="0">http://id.loc.gov/authorities/subjects/sh2008108245</subfield>
            </datafield>
            <datafield tag="650" ind1=" " ind2="7">
               <subfield code="a">Management.</subfield>
               <subfield code="2">fast</subfield>
               <subfield code="0">(OCoLC)fst01007141</subfield>
            </datafield>
            <datafield tag="650" ind1=" " ind2="7">
               <subfield code="a">National security</subfield>
               <subfield code="x">Law and legislation.</subfield>
               <subfield code="2">fast</subfield>
               <subfield code="0">(OCoLC)fst01033727</subfield>
            </datafield>
            <datafield tag="650" ind1=" " ind2="7">
               <subfield code="a">Personnel management.</subfield>
               <subfield code="2">fast</subfield>
               <subfield code="0">(OCoLC)fst01058797</subfield>
            </datafield>
            <datafield tag="651" ind1=" " ind2="7">
               <subfield code="a">United States.</subfield>
               <subfield code="2">fast</subfield>
               <subfield code="0">(OCoLC)fst01204155</subfield>
            </datafield>
            <datafield tag="655" ind1=" " ind2="7">
               <subfield code="a">Legislative materials.</subfield>
               <subfield code="2">fast</subfield>
               <subfield code="0">(OCoLC)fst01774285</subfield>
            </datafield>
            <datafield tag="655" ind1=" " ind2="7">
               <subfield code="a">Legislative materials.</subfield>
               <subfield code="2">lcgft</subfield>
               <subfield code="0">http://id.loc.gov/authorities/genreForms/gf2011026362</subfield>
            </datafield>
            <datafield tag="776" ind1="0" ind2="8">
               <subfield code="i">Online version:</subfield>
               <subfield code="a">United States. Congress. Senate. Committee on Homeland Security and Governmental Affairs.</subfield>
               <subfield code="t">DHS Accountability Act of 2016</subfield>
               <subfield code="w">(OCoLC)953183076</subfield>
            </datafield>
            <datafield tag="776" ind1="0" ind2="8">
               <subfield code="i">Microfiche version:</subfield>
               <subfield code="a">United States. Congress. Senate. Committee on Homeland Security and Governmental Affairs.</subfield>
               <subfield code="t">DHS Accountability Act of 2016</subfield>
               <subfield code="w">(OCoLC)968216709</subfield>
            </datafield>
            <datafield tag="999" ind1=" " ind2=" ">
               <subfield code="a">Y 1.1/5:114-287</subfield>
               <subfield code="w">SUDOC</subfield>
               <subfield code="c">1</subfield>
               <subfield code="i">000078895645</subfield>
               <subfield code="l">DOC-US</subfield>
               <subfield code="m">UP-PAT</subfield>
               <subfield code="r">Y</subfield>
               <subfield code="s">Y</subfield>
               <subfield code="t">BOOK</subfield>
               <subfield code="u">8/9/2016</subfield>
            </datafield>
      </record>
    </metadata>
  </record>