
   <record> 
    <header>
      <identifier>oai:cat.libraries.psu.edu:18158614</identifier> 
      <datestamp>2022-12-16</datestamp>
      <setSpec>BOOK</setSpec> 
    </header>
    <metadata>
      <record xmlns="http://www.loc.gov/MARC21/slim" xsi:schemaLocation="http://www.loc.gov/MARC21/slim http://www.loc.gov/standards/marcxml/schema/MARC21slim.xsd" type="Bibliographic">
         <leader>     cam  22      i 4500</leader>
         <controlfield tag="008">160712s2016    dcu          f000 0 eng c</controlfield>
            <datafield tag="035" ind1=" " ind2=" ">
               <subfield code="a">tmp97437526</subfield>
            </datafield>
            <datafield tag="035" ind1=" " ind2=" ">
               <subfield code="a">(OCoLC)953457905</subfield>
            </datafield>
            <datafield tag="110" ind1="1" ind2=" ">
               <subfield code="a">United States.</subfield>
               <subfield code="b">Congress.</subfield>
               <subfield code="b">House.</subfield>
               <subfield code="b">Committee on Ways and Means,</subfield>
               <subfield code="e">author.</subfield>
               <subfield code="0">http://id.loc.gov/authorities/names/n79017982</subfield>
            </datafield>
            <datafield tag="245" ind1="1" ind2="0">
               <subfield code="a">Accelerating Individuals into the Workforce Act :</subfield>
               <subfield code="b">report together with additional views (to accompany H.R. 2990) (including cost estimate of the Congressional Budget Office).</subfield>
            </datafield>
            <datafield tag="264" ind1=" " ind2="1">
               <subfield code="a">[Washington, D.C.] :</subfield>
               <subfield code="b">[U.S. Government Publishing Office],</subfield>
               <subfield code="c">[2016]</subfield>
            </datafield>
            <datafield tag="300" ind1=" " ind2=" ">
               <subfield code="a">62 pages ;</subfield>
               <subfield code="c">24 cm.</subfield>
            </datafield>
            <datafield tag="490" ind1="1" ind2=" ">
               <subfield code="a">Report / 114th Congress, 2d session, House of Representatives ;</subfield>
               <subfield code="v">114-646</subfield>
            </datafield>
            <datafield tag="500" ind1=" " ind2=" ">
               <subfield code="a">Title from caption.</subfield>
            </datafield>
            <datafield tag="500" ind1=" " ind2=" ">
               <subfield code="a">Shipping list no.: 2016-0318-P.</subfield>
            </datafield>
            <datafield tag="500" ind1=" " ind2=" ">
               <subfield code="a">&quot;June 28, 2016.&quot;</subfield>
            </datafield>
            <datafield tag="610" ind1="2" ind2="0">
               <subfield code="a">Temporary Assistance for Needy Families (Program)</subfield>
               <subfield code="0">http://id.loc.gov/authorities/names/n2002092561</subfield>
            </datafield>
            <datafield tag="610" ind1="2" ind2="7">
               <subfield code="a">Temporary Assistance for Needy Families (Program)</subfield>
               <subfield code="2">fast</subfield>
               <subfield code="0">(OCoLC)fst00769332</subfield>
            </datafield>
            <datafield tag="650" ind1=" " ind2="0">
               <subfield code="a">Welfare recipients</subfield>
               <subfield code="x">Employment</subfield>
               <subfield code="x">Law and legislation</subfield>
               <subfield code="z">United States.</subfield>
               <subfield code="0">http://id.loc.gov/authorities/subjects/sh2010118474</subfield>
            </datafield>
            <datafield tag="650" ind1=" " ind2="0">
               <subfield code="a">Public welfare</subfield>
               <subfield code="x">Law and legislation</subfield>
               <subfield code="z">United States.</subfield>
               <subfield code="0">http://id.loc.gov/authorities/subjects/sh85108852</subfield>
            </datafield>
            <datafield tag="650" ind1=" " ind2="7">
               <subfield code="a">Public welfare</subfield>
               <subfield code="x">Law and legislation.</subfield>
               <subfield code="2">fast</subfield>
               <subfield code="0">(OCoLC)fst01083290</subfield>
            </datafield>
            <datafield tag="650" ind1=" " ind2="7">
               <subfield code="a">Welfare recipients</subfield>
               <subfield code="x">Employment</subfield>
               <subfield code="x">Law and legislation.</subfield>
               <subfield code="2">fast</subfield>
               <subfield code="0">(OCoLC)fst01173655</subfield>
            </datafield>
            <datafield tag="651" ind1=" " ind2="7">
               <subfield code="a">United States.</subfield>
               <subfield code="2">fast</subfield>
               <subfield code="0">(OCoLC)fst01204155</subfield>
            </datafield>
            <datafield tag="655" ind1=" " ind2="7">
               <subfield code="a">Legislative materials.</subfield>
               <subfield code="2">fast</subfield>
               <subfield code="0">(OCoLC)fst01774285</subfield>
            </datafield>
            <datafield tag="655" ind1=" " ind2="7">
               <subfield code="a">Legislative materials.</subfield>
               <subfield code="2">lcgft</subfield>
               <subfield code="0">http://id.loc.gov/authorities/genreForms/gf2011026362</subfield>
            </datafield>
            <datafield tag="776" ind1="0" ind2="8">
               <subfield code="i">Online version:</subfield>
               <subfield code="a">United States. Congress. House. Committee on Ways and Means.</subfield>
               <subfield code="t">Accelerating Individuals into the Workforce Act</subfield>
               <subfield code="w">(OCoLC)953038801</subfield>
            </datafield>
            <datafield tag="776" ind1="0" ind2="8">
               <subfield code="i">Microfiche version:</subfield>
               <subfield code="a">United States. Congress. House. Committee on Ways and Means.</subfield>
               <subfield code="t">Accelerating Individuals into the Workforce Act</subfield>
               <subfield code="w">(OCoLC)961215819</subfield>
            </datafield>
            <datafield tag="999" ind1=" " ind2=" ">
               <subfield code="a">Y 1.1/8:114-646</subfield>
               <subfield code="w">SUDOC</subfield>
               <subfield code="c">1</subfield>
               <subfield code="i">000078897533</subfield>
               <subfield code="l">DOC-US</subfield>
               <subfield code="m">UP-PAT</subfield>
               <subfield code="r">Y</subfield>
               <subfield code="s">Y</subfield>
               <subfield code="t">BOOK</subfield>
               <subfield code="u">8/9/2016</subfield>
            </datafield>
      </record>
    </metadata>
  </record>