
   <record> 
    <header>
      <identifier>oai:cat.libraries.psu.edu:18158615</identifier> 
      <datestamp>2022-12-16</datestamp>
      <setSpec>BOOK</setSpec> 
    </header>
    <metadata>
      <record xmlns="http://www.loc.gov/MARC21/slim" xsi:schemaLocation="http://www.loc.gov/MARC21/slim http://www.loc.gov/standards/marcxml/schema/MARC21slim.xsd" type="Bibliographic">
         <leader>     cam  22      i 4500</leader>
         <controlfield tag="008">160712s2016    dcu          f000 0 eng c</controlfield>
            <datafield tag="035" ind1=" " ind2=" ">
               <subfield code="a">tmp97437527</subfield>
            </datafield>
            <datafield tag="035" ind1=" " ind2=" ">
               <subfield code="a">(OCoLC)953458027</subfield>
            </datafield>
            <datafield tag="110" ind1="1" ind2=" ">
               <subfield code="a">United States.</subfield>
               <subfield code="b">Congress.</subfield>
               <subfield code="b">House.</subfield>
               <subfield code="b">Committee on Natural Resources,</subfield>
               <subfield code="e">author.</subfield>
               <subfield code="0">http://id.loc.gov/authorities/names/no93010794</subfield>
            </datafield>
            <datafield tag="245" ind1="1" ind2="0">
               <subfield code="a">Save Our Salmon Act :</subfield>
               <subfield code="b">report (to accompany H.R. 4582) (including cost estimate of the Congressional Budget Office).</subfield>
            </datafield>
            <datafield tag="264" ind1=" " ind2="1">
               <subfield code="a">[Washington, D.C.] :</subfield>
               <subfield code="b">[U.S. Government Publishing Office],</subfield>
               <subfield code="c">[2016]</subfield>
            </datafield>
            <datafield tag="300" ind1=" " ind2=" ">
               <subfield code="a">22 pages ;</subfield>
               <subfield code="c">24 cm.</subfield>
            </datafield>
            <datafield tag="490" ind1="1" ind2=" ">
               <subfield code="a">Report / 114th Congress, 2d session, House of Representatives ;</subfield>
               <subfield code="v">114-647</subfield>
            </datafield>
            <datafield tag="500" ind1=" " ind2=" ">
               <subfield code="a">Caption title.</subfield>
            </datafield>
            <datafield tag="500" ind1=" " ind2=" ">
               <subfield code="a">&quot;June 28, 2016.&quot;</subfield>
            </datafield>
            <datafield tag="500" ind1=" " ind2=" ">
               <subfield code="a">Shipping list no.: 2016-0318-P.</subfield>
            </datafield>
            <datafield tag="650" ind1=" " ind2="0">
               <subfield code="a">Striped bass</subfield>
               <subfield code="x">Law and legislation</subfield>
               <subfield code="z">California</subfield>
               <subfield code="z">Central Valley.</subfield>
            </datafield>
            <datafield tag="650" ind1=" " ind2="0">
               <subfield code="a">Pacific salmon</subfield>
               <subfield code="x">Conservation</subfield>
               <subfield code="x">Law and legislation</subfield>
               <subfield code="z">California</subfield>
               <subfield code="z">Central Valley.</subfield>
            </datafield>
            <datafield tag="650" ind1=" " ind2="0">
               <subfield code="a">Fishery law and legislation</subfield>
               <subfield code="z">California</subfield>
               <subfield code="z">Central Valley.</subfield>
            </datafield>
            <datafield tag="655" ind1=" " ind2="7">
               <subfield code="a">Legislative materials.</subfield>
               <subfield code="2">lcgft</subfield>
               <subfield code="0">http://id.loc.gov/authorities/genreForms/gf2011026362</subfield>
            </datafield>
            <datafield tag="776" ind1="0" ind2="8">
               <subfield code="i">Online version:</subfield>
               <subfield code="a">United States. Congress. House. Committee on Natural Resources.</subfield>
               <subfield code="t">Save Our Salmon Act</subfield>
               <subfield code="w">(OCoLC)952697568</subfield>
            </datafield>
            <datafield tag="776" ind1="0" ind2="8">
               <subfield code="i">Microfiche version:</subfield>
               <subfield code="a">United States. Congress. House. Committee on Natural Resources.</subfield>
               <subfield code="t">Save Our Salmon Act</subfield>
               <subfield code="w">(OCoLC)962029690</subfield>
            </datafield>
            <datafield tag="999" ind1=" " ind2=" ">
               <subfield code="a">Y 1.1/8:114-647</subfield>
               <subfield code="w">SUDOC</subfield>
               <subfield code="c">1</subfield>
               <subfield code="i">000078897540</subfield>
               <subfield code="l">DOC-US</subfield>
               <subfield code="m">UP-PAT</subfield>
               <subfield code="r">Y</subfield>
               <subfield code="s">Y</subfield>
               <subfield code="t">BOOK</subfield>
               <subfield code="u">8/9/2016</subfield>
            </datafield>
      </record>
    </metadata>
  </record>