
   <record> 
    <header>
      <identifier>oai:cat.libraries.psu.edu:18158624</identifier> 
      <datestamp>2022-12-16</datestamp>
      <setSpec>BOOK</setSpec> 
    </header>
    <metadata>
      <record xmlns="http://www.loc.gov/MARC21/slim" xsi:schemaLocation="http://www.loc.gov/MARC21/slim http://www.loc.gov/standards/marcxml/schema/MARC21slim.xsd" type="Bibliographic">
         <leader>     cam  22      i 4500</leader>
         <controlfield tag="008">160719s2016    dcu          f000 0 eng c</controlfield>
            <datafield tag="035" ind1=" " ind2=" ">
               <subfield code="a">tmp97437621</subfield>
            </datafield>
            <datafield tag="035" ind1=" " ind2=" ">
               <subfield code="a">(OCoLC)958185441</subfield>
            </datafield>
            <datafield tag="110" ind1="1" ind2=" ">
               <subfield code="a">United States.</subfield>
               <subfield code="b">Congress</subfield>
               <subfield code="n">(114th, 2nd session :</subfield>
               <subfield code="d">2016)</subfield>
               <subfield code="0">http://id.loc.gov/authorities/names/no2016029562</subfield>
            </datafield>
            <datafield tag="245" ind1="1" ind2="0">
               <subfield code="a">Comprehensive Addiction and Recovery Act of 2016 :</subfield>
               <subfield code="b">conference report (to accompany S. 524).</subfield>
            </datafield>
            <datafield tag="264" ind1=" " ind2="1">
               <subfield code="a">[Washington, DC] :</subfield>
               <subfield code="b">[United States Government Publishing Office],</subfield>
               <subfield code="c">[2016]</subfield>
            </datafield>
            <datafield tag="300" ind1=" " ind2=" ">
               <subfield code="a">104 pages ;</subfield>
               <subfield code="c">24 cm.</subfield>
            </datafield>
            <datafield tag="490" ind1="1" ind2=" ">
               <subfield code="a">Report / 114th Congress, 2d session, House of Representatives ;</subfield>
               <subfield code="v">114-669</subfield>
            </datafield>
            <datafield tag="500" ind1=" " ind2=" ">
               <subfield code="a">Caption title.</subfield>
            </datafield>
            <datafield tag="500" ind1=" " ind2=" ">
               <subfield code="a">Shipping list no.: 2016-0330-P.</subfield>
            </datafield>
            <datafield tag="500" ind1=" " ind2=" ">
               <subfield code="a">&quot;July 6, 2016.&quot;</subfield>
            </datafield>
            <datafield tag="650" ind1=" " ind2="0">
               <subfield code="a">Opioid abuse</subfield>
               <subfield code="z">United States</subfield>
               <subfield code="x">Prevention.</subfield>
            </datafield>
            <datafield tag="650" ind1=" " ind2="0">
               <subfield code="a">Heroin abuse</subfield>
               <subfield code="z">United States</subfield>
               <subfield code="x">Prevention.</subfield>
            </datafield>
            <datafield tag="650" ind1=" " ind2="0">
               <subfield code="a">Grants-in-aid</subfield>
               <subfield code="x">Law and legislation</subfield>
               <subfield code="z">United States.</subfield>
               <subfield code="0">http://id.loc.gov/authorities/subjects/sh2008105393</subfield>
            </datafield>
            <datafield tag="655" ind1=" " ind2="7">
               <subfield code="a">Legislative materials.</subfield>
               <subfield code="2">lcgft</subfield>
               <subfield code="0">http://id.loc.gov/authorities/genreForms/gf2011026362</subfield>
            </datafield>
            <datafield tag="776" ind1="0" ind2="8">
               <subfield code="i">Online version:</subfield>
               <subfield code="a">United States. Congress (114th, 2nd session : 2016).</subfield>
               <subfield code="t">Comprehensive Addiction and Recovery Act of 2016</subfield>
               <subfield code="w">(OCoLC)982165413</subfield>
            </datafield>
            <datafield tag="776" ind1="0" ind2="8">
               <subfield code="i">Microfiche version:</subfield>
               <subfield code="a">United States. Congress (114th, 2nd session : 2016).</subfield>
               <subfield code="t">Comprehensive Addiction and Recovery Act of 2016</subfield>
               <subfield code="w">(OCoLC)965298364</subfield>
            </datafield>
            <datafield tag="999" ind1=" " ind2=" ">
               <subfield code="a">Y 1.1/8:114-669</subfield>
               <subfield code="w">SUDOC</subfield>
               <subfield code="c">1</subfield>
               <subfield code="i">000078897717</subfield>
               <subfield code="l">DOC-US</subfield>
               <subfield code="m">UP-PAT</subfield>
               <subfield code="r">Y</subfield>
               <subfield code="s">Y</subfield>
               <subfield code="t">BOOK</subfield>
               <subfield code="u">8/9/2016</subfield>
            </datafield>
      </record>
    </metadata>
  </record>