
   <record> 
    <header>
      <identifier>oai:cat.libraries.psu.edu:18158626</identifier> 
      <datestamp>2022-12-16</datestamp>
      <setSpec>BOOK</setSpec> 
    </header>
    <metadata>
      <record xmlns="http://www.loc.gov/MARC21/slim" xsi:schemaLocation="http://www.loc.gov/MARC21/slim http://www.loc.gov/standards/marcxml/schema/MARC21slim.xsd" type="Bibliographic">
         <leader>     cam  22      i 4500</leader>
         <controlfield tag="008">160706s2016    dcua     b   f000 0 eng c</controlfield>
            <datafield tag="035" ind1=" " ind2=" ">
               <subfield code="a">tmp97437480</subfield>
            </datafield>
            <datafield tag="035" ind1=" " ind2=" ">
               <subfield code="a">(OCoLC)953106636</subfield>
            </datafield>
            <datafield tag="110" ind1="1" ind2=" ">
               <subfield code="a">United States.</subfield>
               <subfield code="b">Congress.</subfield>
               <subfield code="b">Senate.</subfield>
               <subfield code="b">Special Committee on Aging,</subfield>
               <subfield code="e">author.</subfield>
               <subfield code="0">http://id.loc.gov/authorities/names/n80151956</subfield>
            </datafield>
            <datafield tag="245" ind1="1" ind2="4">
               <subfield code="a">The national plan to address Alzheimer's disease :</subfield>
               <subfield code="b">are we on track to 2025? : hearing before the Special Committee on Aging, United States Senate, One Hundred Thirteenth Congress, first session : Washington, DC, Wednesday, April 24, 2013.</subfield>
            </datafield>
            <datafield tag="264" ind1=" " ind2="1">
               <subfield code="a">Washington :</subfield>
               <subfield code="b">U.S. Government Publishing Office,</subfield>
               <subfield code="c">2016.</subfield>
            </datafield>
            <datafield tag="264" ind1=" " ind2="2">
               <subfield code="a">Washington, DC :</subfield>
               <subfield code="b">For sale by the Superintendent of Documents, U.S. Government Publishing Office</subfield>
            </datafield>
            <datafield tag="300" ind1=" " ind2=" ">
               <subfield code="a">iii, 86 pages :</subfield>
               <subfield code="b">illustrations ;</subfield>
               <subfield code="c">24 cm.</subfield>
            </datafield>
            <datafield tag="490" ind1="1" ind2=" ">
               <subfield code="a">S. hrg. ;</subfield>
               <subfield code="v">113-798</subfield>
            </datafield>
            <datafield tag="500" ind1=" " ind2=" ">
               <subfield code="a">Shipping list no.: 2016-0313-P.</subfield>
            </datafield>
            <datafield tag="504" ind1=" " ind2=" ">
               <subfield code="a">Includes bibliographical references.</subfield>
            </datafield>
            <datafield tag="650" ind1=" " ind2="0">
               <subfield code="a">Alzheimer's disease</subfield>
               <subfield code="x">Research</subfield>
               <subfield code="z">United States.</subfield>
            </datafield>
            <datafield tag="650" ind1=" " ind2="0">
               <subfield code="a">Dementia</subfield>
               <subfield code="x">Research</subfield>
               <subfield code="z">United States.</subfield>
            </datafield>
            <datafield tag="650" ind1=" " ind2="0">
               <subfield code="a">Alzheimer's disease</subfield>
               <subfield code="x">Treatment</subfield>
               <subfield code="z">United States.</subfield>
            </datafield>
            <datafield tag="650" ind1=" " ind2="0">
               <subfield code="a">Alzheimer's disease</subfield>
               <subfield code="x">Law and legislation</subfield>
               <subfield code="z">United States.</subfield>
            </datafield>
            <datafield tag="650" ind1=" " ind2="7">
               <subfield code="a">Alzheimer's disease</subfield>
               <subfield code="x">Law and legislation.</subfield>
               <subfield code="2">fast</subfield>
               <subfield code="0">(OCoLC)fst00806548</subfield>
            </datafield>
            <datafield tag="650" ind1=" " ind2="7">
               <subfield code="a">Alzheimer's disease</subfield>
               <subfield code="x">Research.</subfield>
               <subfield code="2">fast</subfield>
               <subfield code="0">(OCoLC)fst00806587</subfield>
            </datafield>
            <datafield tag="650" ind1=" " ind2="7">
               <subfield code="a">Alzheimer's disease</subfield>
               <subfield code="x">Treatment.</subfield>
               <subfield code="2">fast</subfield>
               <subfield code="0">(OCoLC)fst00806591</subfield>
            </datafield>
            <datafield tag="650" ind1=" " ind2="7">
               <subfield code="a">Dementia</subfield>
               <subfield code="x">Research.</subfield>
               <subfield code="2">fast</subfield>
               <subfield code="0">(OCoLC)fst00890066</subfield>
            </datafield>
            <datafield tag="651" ind1=" " ind2="7">
               <subfield code="a">United States.</subfield>
               <subfield code="2">fast</subfield>
               <subfield code="0">(OCoLC)fst01204155</subfield>
            </datafield>
            <datafield tag="655" ind1=" " ind2="7">
               <subfield code="a">Legislative hearings.</subfield>
               <subfield code="2">fast</subfield>
               <subfield code="0">(OCoLC)fst01910825</subfield>
            </datafield>
            <datafield tag="655" ind1=" " ind2="7">
               <subfield code="a">Legislative hearings.</subfield>
               <subfield code="2">lcgft</subfield>
               <subfield code="0">http://id.loc.gov/authorities/genreForms/gf2011026362</subfield>
            </datafield>
            <datafield tag="776" ind1="0" ind2="8">
               <subfield code="i">Online version:</subfield>
               <subfield code="a">United States. Congress. Senate. Special Committee on Aging.</subfield>
               <subfield code="t">National plan to address Alzheimer's disease</subfield>
               <subfield code="w">(OCoLC)953040515</subfield>
            </datafield>
            <datafield tag="776" ind1="0" ind2="8">
               <subfield code="i">Microfiche version:</subfield>
               <subfield code="a">United States. Congress. Senate. Special Committee on Aging.</subfield>
               <subfield code="t">National plan to address Alzheimer's disease</subfield>
               <subfield code="w">(OCoLC)970663852</subfield>
            </datafield>
            <datafield tag="999" ind1=" " ind2=" ">
               <subfield code="a">Y 4.AG 4:S.HRG.113-798</subfield>
               <subfield code="w">SUDOC</subfield>
               <subfield code="c">1</subfield>
               <subfield code="i">000078897731</subfield>
               <subfield code="l">DOC-US</subfield>
               <subfield code="m">UP-PAT</subfield>
               <subfield code="r">Y</subfield>
               <subfield code="s">Y</subfield>
               <subfield code="t">BOOK</subfield>
               <subfield code="u">8/9/2016</subfield>
            </datafield>
      </record>
    </metadata>
  </record>