
   <record> 
    <header>
      <identifier>oai:cat.libraries.psu.edu:1815863</identifier> 
      <datestamp>2022-12-16</datestamp>
      <setSpec>MICROFORM</setSpec> 
    </header>
    <metadata>
      <record xmlns="http://www.loc.gov/MARC21/slim" xsi:schemaLocation="http://www.loc.gov/MARC21/slim http://www.loc.gov/standards/marcxml/schema/MARC21slim.xsd" type="Bibliographic">
         <leader>     nam  22     8a 4500</leader>
         <controlfield tag="008">930224s1995    xxu          f000 0 eng d</controlfield>
            <datafield tag="035" ind1=" " ind2=" ">
               <subfield code="a">LIAS1674827</subfield>
            </datafield>
            <datafield tag="035" ind1=" " ind2=" ">
               <subfield code="a">(OCoLC)318377029</subfield>
            </datafield>
            <datafield tag="110" ind1="2" ind2=" ">
               <subfield code="a">U.S. Nuclear Regulatory Commission.</subfield>
               <subfield code="b">Office of Administration and Resources Management.</subfield>
            </datafield>
            <datafield tag="245" ind1="1" ind2="0">
               <subfield code="a">U.S. Nuclear Regulatory Commission functional organization charts.</subfield>
            </datafield>
            <datafield tag="250" ind1=" " ind2=" ">
               <subfield code="a">Rev. 22.</subfield>
            </datafield>
            <datafield tag="264" ind1=" " ind2="1">
               <subfield code="a">Washington, D.C. :</subfield>
               <subfield code="b">U.S. Nuclear Regulatory Commission, Office of Personnel ;</subfield>
               <subfield code="a">Springfield, VA :</subfield>
               <subfield code="b">Available from National Technical Information Service,</subfield>
               <subfield code="c">[1998?]</subfield>
            </datafield>
            <datafield tag="300" ind1=" " ind2=" ">
               <subfield code="a">1 volume</subfield>
            </datafield>
            <datafield tag="500" ind1=" " ind2=" ">
               <subfield code="a">Distributed to depository libraries in microfiche.</subfield>
            </datafield>
            <datafield tag="500" ind1=" " ind2=" ">
               <subfield code="a">&quot;November 1, 1997&quot;.</subfield>
            </datafield>
            <datafield tag="500" ind1=" " ind2=" ">
               <subfield code="a">No longer available for sale by the Supt. of Docs.</subfield>
            </datafield>
            <datafield tag="610" ind1="2" ind2="0">
               <subfield code="a">U.S. Nuclear Regulatory Commission</subfield>
               <subfield code="x">Management.</subfield>
            </datafield>
            <datafield tag="740" ind1="0" ind2=" ">
               <subfield code="a">US Nuclear Regulatory Commission functional organization charts.</subfield>
            </datafield>
            <datafield tag="037" ind1=" " ind2=" ">
               <subfield code="a">052-020-00059-0</subfield>
               <subfield code="b">GPO</subfield>
            </datafield>
            <datafield tag="533" ind1=" " ind2=" ">
               <subfield code="a">Microform.</subfield>
               <subfield code="b">[Washington, D.C.],</subfield>
               <subfield code="c">U.S. G.P.O.,</subfield>
               <subfield code="d">1998.</subfield>
               <subfield code="e">2 microfiches : negative.</subfield>
            </datafield>
            <datafield tag="999" ind1=" " ind2=" ">
               <subfield code="a">Y 3.N 88:10/0325/REV.22</subfield>
               <subfield code="w">SUDOC</subfield>
               <subfield code="c">1</subfield>
               <subfield code="i">1815863-1001</subfield>
               <subfield code="d">9/1/1998</subfield>
               <subfield code="l">DOC-US</subfield>
               <subfield code="m">UP-PAT</subfield>
               <subfield code="r">Y</subfield>
               <subfield code="s">Y</subfield>
               <subfield code="t">MICROFORM</subfield>
               <subfield code="u">4/13/2001</subfield>
            </datafield>
      </record>
    </metadata>
  </record>