
   <record> 
    <header>
      <identifier>oai:cat.libraries.psu.edu:1815865</identifier> 
      <datestamp>2022-12-16</datestamp>
      <setSpec>BOOK</setSpec> 
    </header>
    <metadata>
      <record xmlns="http://www.loc.gov/MARC21/slim" xsi:schemaLocation="http://www.loc.gov/MARC21/slim http://www.loc.gov/standards/marcxml/schema/MARC21slim.xsd" type="Bibliographic">
         <leader>     nam  22      a 4500</leader>
         <controlfield tag="008">970424t19951995xx a          000 0 ger d</controlfield>
            <datafield tag="020" ind1=" " ind2=" ">
               <subfield code="a">3901243097</subfield>
            </datafield>
            <datafield tag="035" ind1=" " ind2=" ">
               <subfield code="a">LIAS1987413</subfield>
            </datafield>
            <datafield tag="035" ind1=" " ind2=" ">
               <subfield code="a">(OCoLC)34152210</subfield>
            </datafield>
            <datafield tag="050" ind1=" " ind2="4">
               <subfield code="a">PT2461.S66</subfield>
               <subfield code="b">G4 1995x</subfield>
            </datafield>
            <datafield tag="100" ind1="1" ind2=" ">
               <subfield code="a">Sauter, Ferdinand,</subfield>
               <subfield code="d">1804-1854.</subfield>
            </datafield>
            <datafield tag="245" ind1="1" ind2="0">
               <subfield code="a">Gedichte /</subfield>
               <subfield code="c">Ferdinand Sauter ; ausgewählt und herausgegeben von Peter Blaikner ; Vorwort von O.P. Zier.</subfield>
            </datafield>
            <datafield tag="250" ind1=" " ind2=" ">
               <subfield code="a">1. Ausg.</subfield>
            </datafield>
            <datafield tag="264" ind1=" " ind2="1">
               <subfield code="a">Salzburg :</subfield>
               <subfield code="b">Edition Prolit,</subfield>
               <subfield code="c">[1995]</subfield>
            </datafield>
            <datafield tag="264" ind1=" " ind2="4">
               <subfield code="c">©1995</subfield>
            </datafield>
            <datafield tag="300" ind1=" " ind2=" ">
               <subfield code="a">111 pages :</subfield>
               <subfield code="b">illustrations ;</subfield>
               <subfield code="c">18 cm.</subfield>
            </datafield>
            <datafield tag="490" ind1="1" ind2=" ">
               <subfield code="a">Edition Prolit ;</subfield>
               <subfield code="v">10</subfield>
            </datafield>
            <datafield tag="700" ind1="1" ind2=" ">
               <subfield code="a">Blaikner, Peter,</subfield>
               <subfield code="d">1954-</subfield>
            </datafield>
            <datafield tag="700" ind1="1" ind2=" ">
               <subfield code="a">Zier, O. P.,</subfield>
               <subfield code="d">1954-</subfield>
            </datafield>
            <datafield tag="830" ind1=" " ind2="0">
               <subfield code="a">Edition Prolit ;</subfield>
               <subfield code="v">10.</subfield>
            </datafield>
            <datafield tag="999" ind1=" " ind2=" ">
               <subfield code="a">PT2461.S66G4 1995</subfield>
               <subfield code="w">LC</subfield>
               <subfield code="c">1</subfield>
               <subfield code="i">000026801704</subfield>
               <subfield code="d">4/24/1997</subfield>
               <subfield code="e">6/5/1997</subfield>
               <subfield code="l">PATTEE-3</subfield>
               <subfield code="m">UP-PAT</subfield>
               <subfield code="n">1</subfield>
               <subfield code="r">Y</subfield>
               <subfield code="s">Y</subfield>
               <subfield code="t">BOOK</subfield>
               <subfield code="u">4/13/2001</subfield>
            </datafield>
      </record>
    </metadata>
  </record>