
   <record> 
    <header>
      <identifier>oai:cat.libraries.psu.edu:1815867</identifier> 
      <datestamp>2022-12-16</datestamp>
      <setSpec>BOOK</setSpec> 
    </header>
    <metadata>
      <record xmlns="http://www.loc.gov/MARC21/slim" xsi:schemaLocation="http://www.loc.gov/MARC21/slim http://www.loc.gov/standards/marcxml/schema/MARC21slim.xsd" type="Bibliographic">
         <leader>     nam  22      a 4500</leader>
         <controlfield tag="008">981207s1998    xxua     b    000 0 eng d</controlfield>
            <datafield tag="010" ind1=" " ind2=" ">
               <subfield code="a">   98025200</subfield>
            </datafield>
            <datafield tag="020" ind1=" " ind2=" ">
               <subfield code="a">0821808680 (pbk. : acid-free paper)</subfield>
            </datafield>
            <datafield tag="035" ind1=" " ind2=" ">
               <subfield code="a">LIAS2244910</subfield>
            </datafield>
            <datafield tag="035" ind1=" " ind2=" ">
               <subfield code="a">(OCoLC)39189960</subfield>
            </datafield>
            <datafield tag="050" ind1="0" ind2="0">
               <subfield code="a">QA3</subfield>
               <subfield code="b">.A57 no. 645</subfield>
               <subfield code="a">QA614.9</subfield>
            </datafield>
            <datafield tag="100" ind1="1" ind2=" ">
               <subfield code="a">Bates, Peter W.,</subfield>
               <subfield code="d">1947-</subfield>
            </datafield>
            <datafield tag="245" ind1="1" ind2="0">
               <subfield code="a">Existence and persistence of invariant manifolds for semiflows in Banach space /</subfield>
               <subfield code="c">Peter W. Bates, Kening Lu, Chongchun Zeng.</subfield>
            </datafield>
            <datafield tag="264" ind1=" " ind2="1">
               <subfield code="a">Providence, R.I. :</subfield>
               <subfield code="b">American Mathematical Society,</subfield>
               <subfield code="c">1998.</subfield>
            </datafield>
            <datafield tag="300" ind1=" " ind2=" ">
               <subfield code="a">viii, 129 pages :</subfield>
               <subfield code="b">illustrations ;</subfield>
               <subfield code="c">26 cm.</subfield>
            </datafield>
            <datafield tag="490" ind1="1" ind2=" ">
               <subfield code="a">Memoirs of the American Mathematical Society ;</subfield>
               <subfield code="v">no. 645</subfield>
            </datafield>
            <datafield tag="500" ind1=" " ind2=" ">
               <subfield code="a">&quot;September 1998, volume 135, number 645 (end of volume)&quot;.</subfield>
            </datafield>
            <datafield tag="504" ind1=" " ind2=" ">
               <subfield code="a">Includes bibliographical references (pages 125-129).</subfield>
            </datafield>
            <datafield tag="650" ind1=" " ind2="0">
               <subfield code="a">Differentiable dynamical systems.</subfield>
            </datafield>
            <datafield tag="650" ind1=" " ind2="0">
               <subfield code="a">Hyperbolic spaces.</subfield>
            </datafield>
            <datafield tag="650" ind1=" " ind2="0">
               <subfield code="a">Invariants.</subfield>
            </datafield>
            <datafield tag="650" ind1=" " ind2="0">
               <subfield code="a">Flows (Differentiable dynamical systems)</subfield>
            </datafield>
            <datafield tag="700" ind1="1" ind2=" ">
               <subfield code="a">Lu, Kening,</subfield>
               <subfield code="d">1962-</subfield>
            </datafield>
            <datafield tag="700" ind1="1" ind2=" ">
               <subfield code="a">Zeng, Chongchun,</subfield>
               <subfield code="d">1973-</subfield>
            </datafield>
            <datafield tag="830" ind1=" " ind2="0">
               <subfield code="a">Memoirs of the American Mathematical Society ;</subfield>
               <subfield code="v">no. 645.</subfield>
            </datafield>
            <datafield tag="999" ind1=" " ind2=" ">
               <subfield code="a">QA3.A57 no.645</subfield>
               <subfield code="w">LC</subfield>
               <subfield code="c">1</subfield>
               <subfield code="i">000033535814</subfield>
               <subfield code="d">5/4/2016</subfield>
               <subfield code="e">12/7/2015</subfield>
               <subfield code="l">CATO-2</subfield>
               <subfield code="m">UP-ANNEX</subfield>
               <subfield code="n">4</subfield>
               <subfield code="r">Y</subfield>
               <subfield code="s">Y</subfield>
               <subfield code="t">BOOK</subfield>
               <subfield code="u">4/13/2001</subfield>
               <subfield code="z">6463</subfield>
            </datafield>
      </record>
    </metadata>
  </record>