
   <record> 
    <header>
      <identifier>oai:cat.libraries.psu.edu:181587</identifier> 
      <datestamp>2022-12-16</datestamp>
      <setSpec>BOOK</setSpec> 
    </header>
    <metadata>
      <record xmlns="http://www.loc.gov/MARC21/slim" xsi:schemaLocation="http://www.loc.gov/MARC21/slim http://www.loc.gov/standards/marcxml/schema/MARC21slim.xsd" type="Bibliographic">
         <leader>     nam  22      a 4500</leader>
         <controlfield tag="008">810312s1977    xxu          f000 0 eng d</controlfield>
            <datafield tag="035" ind1=" " ind2=" ">
               <subfield code="a">(Sirsi) LIAS143698</subfield>
            </datafield>
            <datafield tag="035" ind1=" " ind2=" ">
               <subfield code="a">LIAS143698</subfield>
            </datafield>
            <datafield tag="035" ind1=" " ind2=" ">
               <subfield code="a">(OCoLC)4185374</subfield>
            </datafield>
            <datafield tag="100" ind1="1" ind2=" ">
               <subfield code="a">Daniels, C. M.</subfield>
            </datafield>
            <datafield tag="245" ind1="1" ind2="0">
               <subfield code="a">Liquid rocket lines, bellows, flexible hoses, and filters /</subfield>
               <subfield code="c">[written by C. M. Daniels; edited by Russel B. Keller, Jr.].</subfield>
            </datafield>
            <datafield tag="264" ind1=" " ind2="1">
               <subfield code="a">Cleveland :</subfield>
               <subfield code="b">National Aeronautics and Space Administration, Lewis Research Center,</subfield>
               <subfield code="c">1977.</subfield>
            </datafield>
            <datafield tag="264" ind1=" " ind2="2">
               <subfield code="a">Springfield, Va. :</subfield>
               <subfield code="b">For sale by the National Technical Information Service.</subfield>
            </datafield>
            <datafield tag="300" ind1=" " ind2=" ">
               <subfield code="a">xii, 176 pages :</subfield>
               <subfield code="b">illustrations ;</subfield>
               <subfield code="c">27 cm</subfield>
            </datafield>
            <datafield tag="490" ind1="1" ind2=" ">
               <subfield code="a">NASA space vehicle design criteria (chemical propulsion)</subfield>
            </datafield>
            <datafield tag="490" ind1="1" ind2=" ">
               <subfield code="a">NASA SP; 8123</subfield>
            </datafield>
            <datafield tag="500" ind1=" " ind2=" ">
               <subfield code="a">Cover title.</subfield>
            </datafield>
            <datafield tag="650" ind1=" " ind2="0">
               <subfield code="a">Liquid propellant rockets</subfield>
               <subfield code="x">Design and construction.</subfield>
            </datafield>
            <datafield tag="700" ind1="1" ind2=" ">
               <subfield code="a">Keller, Russell B.</subfield>
            </datafield>
            <datafield tag="710" ind1="2" ind2=" ">
               <subfield code="a">Lewis Research Center.</subfield>
            </datafield>
            <datafield tag="830" ind1=" " ind2="0">
               <subfield code="a">NASA SP (Series) ;</subfield>
               <subfield code="v">8123.</subfield>
            </datafield>
            <datafield tag="830" ind1=" " ind2=" ">
               <subfield code="a">NASA space vehicle design criteria (chemical propulsion)</subfield>
            </datafield>
            <datafield tag="999" ind1=" " ind2=" ">
               <subfield code="a">TL783.4.D3</subfield>
               <subfield code="w">LC</subfield>
               <subfield code="c">1</subfield>
               <subfield code="i">000003506707</subfield>
               <subfield code="d">8/2/2010</subfield>
               <subfield code="e">6/23/2010</subfield>
               <subfield code="l">ACAD-BLDG</subfield>
               <subfield code="m">UP-ANNEX</subfield>
               <subfield code="n">4</subfield>
               <subfield code="r">Y</subfield>
               <subfield code="s">Y</subfield>
               <subfield code="t">BOOK</subfield>
               <subfield code="u">4/12/2001</subfield>
               <subfield code="o">.STAFF. Digitized Copy Instructions: Do not delete or replace the barcode in this item record. It links to the digitized copy of this volume. If WITHDRAWING the volume or REPLACING a barcode, update the item record to reflect an ONLINE resource. Add a new barcode by adding a second item record. See Access Services Training Bulletin no. 25 for full instructions.</subfield>
            </datafield>
      </record>
    </metadata>
  </record>