
   <record> 
    <header>
      <identifier>oai:cat.libraries.psu.edu:1815870</identifier> 
      <datestamp>2022-12-16</datestamp>
      <setSpec>BOOK</setSpec> 
    </header>
    <metadata>
      <record xmlns="http://www.loc.gov/MARC21/slim" xsi:schemaLocation="http://www.loc.gov/MARC21/slim http://www.loc.gov/standards/marcxml/schema/MARC21slim.xsd" type="Bibliographic">
         <leader>     nam  22     8a 4500</leader>
         <controlfield tag="008">970306t19961996xxkab    b    000 0 eng d</controlfield>
            <datafield tag="010" ind1=" " ind2=" ">
               <subfield code="a">   96001061</subfield>
            </datafield>
            <datafield tag="020" ind1=" " ind2=" ">
               <subfield code="a">0471966002 (acid-free)</subfield>
            </datafield>
            <datafield tag="035" ind1=" " ind2=" ">
               <subfield code="a">LIAS1987414</subfield>
            </datafield>
            <datafield tag="035" ind1=" " ind2=" ">
               <subfield code="a">(OCoLC)34190207</subfield>
            </datafield>
            <datafield tag="050" ind1="0" ind2="0">
               <subfield code="a">GB400.2</subfield>
               <subfield code="b">.G448 1996</subfield>
            </datafield>
            <datafield tag="245" ind1="0" ind2="0">
               <subfield code="a">Geomorphology sans frontières /</subfield>
               <subfield code="c">edited by S. Brian McCann &amp; Derek C. Ford.</subfield>
            </datafield>
            <datafield tag="264" ind1=" " ind2="1">
               <subfield code="a">Chichester ;</subfield>
               <subfield code="a">New York :</subfield>
               <subfield code="b">John Wiley &amp; Sons,</subfield>
               <subfield code="c">[1996]</subfield>
            </datafield>
            <datafield tag="264" ind1=" " ind2="4">
               <subfield code="c">©1996</subfield>
            </datafield>
            <datafield tag="300" ind1=" " ind2=" ">
               <subfield code="a">xiii, 245 pages :</subfield>
               <subfield code="b">illustrations (some color), maps ;</subfield>
               <subfield code="c">25 cm.</subfield>
            </datafield>
            <datafield tag="490" ind1="1" ind2=" ">
               <subfield code="a">Publication ;</subfield>
               <subfield code="v">no. 6</subfield>
            </datafield>
            <datafield tag="500" ind1=" " ind2=" ">
               <subfield code="a">Papers from the Third International Geomorphological Conference held at McMaster University, Hamilton, Canada, Aug. 1993.</subfield>
            </datafield>
            <datafield tag="504" ind1=" " ind2=" ">
               <subfield code="a">Includes bibliographical references and index.</subfield>
            </datafield>
            <datafield tag="505" ind1="0" ind2=" ">
               <subfield code="a">GEOMORPOLOGIE SANS FRONTIERES / Denys Brunsden -- THE GREAT DEBATE: DENYS BRUNSDEN’S TABLETS OF STONE: Climatic, climatogenetic and tectonic geomorphology / Hanna Bremer -- Exceptio probat regulam: do exceptional forms test general theories? / C.R. Twidale -- Graffiti on the wall of a geomorphology laboratory / Eiju Yatsu -- Tablets of Stone: Ten commandments or a golden rule / Victor R. Baker -- The ten commandments of geomorphology: a general methodological appraisal / Jean L.F. Tricart -- Geo-apologia / Denys Brunsden -- THE POINT OF MODELLING GEOMORPHOLOGICAL SYSTEMS / Frank Ahnert -- VARIOUS ASPECTS OF CORAL REEF STUDIES WITH SPECIAL REFERENCES TO TECTONIC GEOMORPHOLOGY / Yoko Ota -- IMPACT OF MOUNTAIN GLACIATIONS ON TORS, BLOCKFIELDS AND CRYOPLANATION FEATURES / Anders Rapp -- KARST IN A COLD CLIMETE: FEECTS OF GLACIATION AND PERMAFROST CONDITIONS UPON THE KARST LANDFORM SYSTEMS OF CANADA / Derek C. Ford -- A MELTWATER MODEL FOR LAURENTIDE SUBGLACIAL LANDSCAPES / John Shaw.</subfield>
            </datafield>
            <datafield tag="650" ind1=" " ind2="0">
               <subfield code="a">Geomorphology</subfield>
               <subfield code="v">Congresses.</subfield>
            </datafield>
            <datafield tag="700" ind1="1" ind2=" ">
               <subfield code="a">McCann, S. Brian</subfield>
               <subfield code="q">(Samuel Brian)</subfield>
            </datafield>
            <datafield tag="700" ind1="1" ind2=" ">
               <subfield code="a">Ford, Derek</subfield>
               <subfield code="q">(Derek C.)</subfield>
            </datafield>
            <datafield tag="711" ind1="2" ind2=" ">
               <subfield code="a">International Conference on Geomorphology</subfield>
               <subfield code="n">(3rd :</subfield>
               <subfield code="d">1993 :</subfield>
               <subfield code="c">McMaster University)</subfield>
            </datafield>
            <datafield tag="830" ind1=" " ind2="0">
               <subfield code="a">Publication (International Association of Geomorphologists) ;</subfield>
               <subfield code="v">no. 6.</subfield>
            </datafield>
            <datafield tag="999" ind1=" " ind2=" ">
               <subfield code="a">GB400.2.G448 1996</subfield>
               <subfield code="w">LC</subfield>
               <subfield code="c">1</subfield>
               <subfield code="i">000026739373</subfield>
               <subfield code="d">6/12/2003</subfield>
               <subfield code="e">11/15/2002</subfield>
               <subfield code="f">6/12/2003</subfield>
               <subfield code="g">1</subfield>
               <subfield code="l">STACKS-EM</subfield>
               <subfield code="m">UP-EMS</subfield>
               <subfield code="n">3</subfield>
               <subfield code="r">Y</subfield>
               <subfield code="s">Y</subfield>
               <subfield code="t">BOOK</subfield>
               <subfield code="u">4/13/2001</subfield>
            </datafield>
      </record>
    </metadata>
  </record>