
   <record> 
    <header>
      <identifier>oai:cat.libraries.psu.edu:1815873</identifier> 
      <datestamp>2022-12-16</datestamp>
      <setSpec>BOOK</setSpec> 
    </header>
    <metadata>
      <record xmlns="http://www.loc.gov/MARC21/slim" xsi:schemaLocation="http://www.loc.gov/MARC21/slim http://www.loc.gov/standards/marcxml/schema/MARC21slim.xsd" type="Bibliographic">
         <leader>     nam  22     Ia 4500</leader>
         <controlfield tag="008">960924t19961996ilu      b    001 0 eng  </controlfield>
            <datafield tag="010" ind1=" " ind2=" ">
               <subfield code="a">   96039052</subfield>
            </datafield>
            <datafield tag="020" ind1=" " ind2=" ">
               <subfield code="a">0812693388 (cloth : alk. paper)</subfield>
            </datafield>
            <datafield tag="020" ind1=" " ind2=" ">
               <subfield code="a">9780812693386 (cloth : alk. paper)</subfield>
            </datafield>
            <datafield tag="035" ind1=" " ind2=" ">
               <subfield code="a">(OCoLC)35657873</subfield>
            </datafield>
            <datafield tag="041" ind1="1" ind2=" ">
               <subfield code="a">eng</subfield>
               <subfield code="h">cze</subfield>
            </datafield>
            <datafield tag="050" ind1="0" ind2="0">
               <subfield code="a">B3279.H94</subfield>
               <subfield code="b">P336 1996</subfield>
            </datafield>
            <datafield tag="082" ind1="0" ind2="0">
               <subfield code="a">193</subfield>
               <subfield code="2">20</subfield>
            </datafield>
            <datafield tag="100" ind1="1" ind2=" ">
               <subfield code="a">Patočka, Jan,</subfield>
               <subfield code="d">1907-1977.</subfield>
            </datafield>
            <datafield tag="240" ind1="1" ind2="0">
               <subfield code="a">Ǔvod do Husserlovy fenomenologie.</subfield>
               <subfield code="l">English</subfield>
            </datafield>
            <datafield tag="245" ind1="1" ind2="3">
               <subfield code="a">An introduction to Husserl's phenomenology /</subfield>
               <subfield code="c">Jan Patočka ; translated by Erazim Kohák ; edited with an introduction by James Dodd.</subfield>
            </datafield>
            <datafield tag="246" ind1="3" ind2="0">
               <subfield code="a">Husserl's phenomenology</subfield>
            </datafield>
            <datafield tag="264" ind1=" " ind2="1">
               <subfield code="a">Chicago, Ill. :</subfield>
               <subfield code="b">Open Court,</subfield>
               <subfield code="c">[1996]</subfield>
            </datafield>
            <datafield tag="264" ind1=" " ind2="4">
               <subfield code="c">©1996</subfield>
            </datafield>
            <datafield tag="300" ind1=" " ind2=" ">
               <subfield code="a">xxi, 195 pages ;</subfield>
               <subfield code="c">24 cm</subfield>
            </datafield>
            <datafield tag="504" ind1=" " ind2=" ">
               <subfield code="a">Includes bibliographical references (pages 179-184) and index.</subfield>
            </datafield>
            <datafield tag="505" ind1="0" ind2=" ">
               <subfield code="a">Ch. 1. Phenomenology as a Philosophy and Its Relation to Traditional Metaphysical Approaches -- Ch. 2. The Philosophy of Arithmetic -- Ch. 3. Pure Logic: The Logical Investigations -- Ch. 4. The Concept of Phenomenon -- Ch. 5. Pure Logic and the Problem of the Grounding of Experience -- Ch. 6. The First Explanation of the Phenomenological Reduction -- Ch. 7. Analysis of Internal Time Consciousness -- Ch. 8. Incarnate Being -- Translator's Postscript to the English Edition of Jan Patocka's Introduction to Husserl's Phenomenology.</subfield>
            </datafield>
            <datafield tag="520" ind1=" " ind2=" ">
               <subfield code="a">Patocka's celebrated Introduction, here made available in English for the first time, is not an introduction in the ordinary sense of the term. Patocka ranges over the whole of Husserl's output, from The Philosophy of Arithmetic to The Crisis of the European Sciences, and traces the evolution of all the central issues of Husserlian phenomenology - intentionality, categorial intuition, temporality, the subject-body; the concrete a priori, and transcendental subjectivity. But rather than attempting to give a tour of Husserl's workshop, Patocka is himself hard at work on Husserl's problems.</subfield>
            </datafield>
            <datafield tag="600" ind1="1" ind2="0">
               <subfield code="a">Husserl, Edmund,</subfield>
               <subfield code="d">1859-1938.</subfield>
            </datafield>
            <datafield tag="650" ind1=" " ind2="0">
               <subfield code="a">Phenomenology.</subfield>
            </datafield>
            <datafield tag="600" ind1="1" ind2="7">
               <subfield code="a">Husserl, Edmund,</subfield>
               <subfield code="d">1859-1938</subfield>
               <subfield code="2">fast</subfield>
               <subfield code="0">(OCoLC)fst00042628</subfield>
            </datafield>
            <datafield tag="650" ind1=" " ind2="7">
               <subfield code="a">Phenomenology.</subfield>
               <subfield code="2">fast</subfield>
               <subfield code="0">(OCoLC)fst01060522</subfield>
            </datafield>
            <datafield tag="650" ind1="1" ind2="7">
               <subfield code="a">Fenomenologie.</subfield>
               <subfield code="2">gtt</subfield>
            </datafield>
            <datafield tag="600" ind1="1" ind2="7">
               <subfield code="a">Husserl, Edmund.</subfield>
               <subfield code="2">swd</subfield>
            </datafield>
            <datafield tag="650" ind1="0" ind2="7">
               <subfield code="a">Phänomenologie.</subfield>
               <subfield code="2">swd</subfield>
            </datafield>
            <datafield tag="700" ind1="1" ind2=" ">
               <subfield code="a">Dodd, James,</subfield>
               <subfield code="d">1968-</subfield>
            </datafield>
            <datafield tag="999" ind1=" " ind2=" ">
               <subfield code="a">B3279.H94P336 1996</subfield>
               <subfield code="w">LC</subfield>
               <subfield code="c">1</subfield>
               <subfield code="i">000078209848</subfield>
               <subfield code="d">3/21/2019</subfield>
               <subfield code="e">12/20/2018</subfield>
               <subfield code="l">PATTEE-BA</subfield>
               <subfield code="m">UP-PAT</subfield>
               <subfield code="n">3</subfield>
               <subfield code="r">Y</subfield>
               <subfield code="s">Y</subfield>
               <subfield code="t">BOOK</subfield>
               <subfield code="u">2/18/2015</subfield>
            </datafield>
            <datafield tag="999" ind1=" " ind2=" ">
               <subfield code="a">B3279.H94P336 1996</subfield>
               <subfield code="w">LC</subfield>
               <subfield code="c">2</subfield>
               <subfield code="i">000026663463</subfield>
               <subfield code="d">9/20/2016</subfield>
               <subfield code="e">11/1/2012</subfield>
               <subfield code="l">PATTEE-BA</subfield>
               <subfield code="m">UP-PAT</subfield>
               <subfield code="n">20</subfield>
               <subfield code="r">Y</subfield>
               <subfield code="s">Y</subfield>
               <subfield code="t">BOOK</subfield>
               <subfield code="u">4/13/2001</subfield>
            </datafield>
      </record>
    </metadata>
  </record>