
   <record> 
    <header>
      <identifier>oai:cat.libraries.psu.edu:1815874</identifier> 
      <datestamp>2022-12-16</datestamp>
      <setSpec>MICROFORM</setSpec> 
    </header>
    <metadata>
      <record xmlns="http://www.loc.gov/MARC21/slim" xsi:schemaLocation="http://www.loc.gov/MARC21/slim http://www.loc.gov/standards/marcxml/schema/MARC21slim.xsd" type="Bibliographic">
         <leader>     nam  22     8a 4500</leader>
         <controlfield tag="008">930224s1988    xxua     b   f000 0 eng d</controlfield>
            <datafield tag="035" ind1=" " ind2=" ">
               <subfield code="a">LIAS1674829</subfield>
            </datafield>
            <datafield tag="035" ind1=" " ind2=" ">
               <subfield code="a">(OCoLC)18669287</subfield>
            </datafield>
            <datafield tag="100" ind1="1" ind2=" ">
               <subfield code="a">Shaukat, S. K.</subfield>
            </datafield>
            <datafield tag="245" ind1="1" ind2="0">
               <subfield code="a">Regulatory Analysis for USI A-40, &quot;seismic design criteria&quot; :</subfield>
               <subfield code="b">draft report for comment /</subfield>
               <subfield code="c">S.K. Shaukat, N.C. Chokshi, N.R. Anderson ; Division of Engineering, Division of Reactor Accident Analysis, Office of Nuclear Regulatory Research, U.S. Nuclear Regulatory Commission.</subfield>
            </datafield>
            <datafield tag="264" ind1=" " ind2="1">
               <subfield code="a">Washington, DC :</subfield>
               <subfield code="b">Division of Engineering, Division of Reactor Accident Analysis, Office of Nuclear Regulatory Research, U.S. Nuclear Regulatory Commission,</subfield>
               <subfield code="c">1988.</subfield>
            </datafield>
            <datafield tag="300" ind1=" " ind2=" ">
               <subfield code="a">ix, 43 pages :</subfield>
               <subfield code="b">illustrations ;</subfield>
               <subfield code="c">28 cm</subfield>
            </datafield>
            <datafield tag="500" ind1=" " ind2=" ">
               <subfield code="a">&quot;Date published: April 1988.&quot;</subfield>
            </datafield>
            <datafield tag="504" ind1=" " ind2=" ">
               <subfield code="a">Bibliography: page 43.</subfield>
            </datafield>
            <datafield tag="650" ind1=" " ind2="0">
               <subfield code="a">Nuclear power plants</subfield>
               <subfield code="x">Earthquake effects</subfield>
               <subfield code="x">Safety regulations.</subfield>
            </datafield>
            <datafield tag="650" ind1=" " ind2="0">
               <subfield code="a">Earthquake resistant design</subfield>
               <subfield code="x">Safety regulations.</subfield>
            </datafield>
            <datafield tag="700" ind1="1" ind2=" ">
               <subfield code="a">Chokshi, N. C.</subfield>
               <subfield code="q">(Nilesh C.)</subfield>
            </datafield>
            <datafield tag="700" ind1="1" ind2=" ">
               <subfield code="a">Anderson, N.</subfield>
               <subfield code="q">(Newton)</subfield>
            </datafield>
            <datafield tag="710" ind1="2" ind2=" ">
               <subfield code="a">U.S. Nuclear Regulatory Commission.</subfield>
               <subfield code="b">Office of Nuclear Regulatory Research.</subfield>
               <subfield code="b">Division of Engineering.</subfield>
            </datafield>
            <datafield tag="710" ind1="2" ind2=" ">
               <subfield code="a">U.S. Nuclear Regulatory Commission.</subfield>
               <subfield code="b">Office of Nuclear Regulatory Research.</subfield>
               <subfield code="b">Division of Reactor Accident Analysis.</subfield>
            </datafield>
            <datafield tag="533" ind1=" " ind2=" ">
               <subfield code="a">Microform.</subfield>
               <subfield code="b">[Washington, D.C.],</subfield>
               <subfield code="c">U.S. G.P.O.,</subfield>
               <subfield code="d">1991.</subfield>
               <subfield code="e">1 microfiche : negative.</subfield>
            </datafield>
            <datafield tag="999" ind1=" " ind2=" ">
               <subfield code="a">Y 3.N 88:10/1233</subfield>
               <subfield code="w">SUDOC</subfield>
               <subfield code="c">1</subfield>
               <subfield code="i">1815874-1001</subfield>
               <subfield code="d">2/24/1993</subfield>
               <subfield code="l">DOC-US</subfield>
               <subfield code="m">UP-PAT</subfield>
               <subfield code="r">Y</subfield>
               <subfield code="s">Y</subfield>
               <subfield code="t">MICROFORM</subfield>
               <subfield code="u">4/13/2001</subfield>
            </datafield>
      </record>
    </metadata>
  </record>