
   <record> 
    <header>
      <identifier>oai:cat.libraries.psu.edu:1815875</identifier> 
      <datestamp>2022-12-16</datestamp>
      <setSpec>BOOK</setSpec> 
    </header>
    <metadata>
      <record xmlns="http://www.loc.gov/MARC21/slim" xsi:schemaLocation="http://www.loc.gov/MARC21/slim http://www.loc.gov/standards/marcxml/schema/MARC21slim.xsd" type="Bibliographic">
         <leader>     nam  22      a 4500</leader>
         <controlfield tag="008">950313s1994    xxu      b    000 0 eng d</controlfield>
            <datafield tag="010" ind1=" " ind2=" ">
               <subfield code="a">   94022741</subfield>
            </datafield>
            <datafield tag="020" ind1=" " ind2=" ">
               <subfield code="a">0803991886</subfield>
            </datafield>
            <datafield tag="035" ind1=" " ind2=" ">
               <subfield code="a">LIAS1830472</subfield>
            </datafield>
            <datafield tag="035" ind1=" " ind2=" ">
               <subfield code="a">(OCoLC)30892849</subfield>
            </datafield>
            <datafield tag="050" ind1="0" ind2="0">
               <subfield code="a">DS450.C36</subfield>
               <subfield code="b">I53 1994</subfield>
            </datafield>
            <datafield tag="245" ind1="0" ind2="4">
               <subfield code="a">The India-Canada relationship :</subfield>
               <subfield code="b">exploring the political economic and cultural dimensions /</subfield>
               <subfield code="c">edited by J.S. Grewal and Hugh Johnston.</subfield>
            </datafield>
            <datafield tag="264" ind1=" " ind2="1">
               <subfield code="a">New Delhi ;</subfield>
               <subfield code="a">Thousand Oaks, CA :</subfield>
               <subfield code="b">Sage Publications,</subfield>
               <subfield code="c">1994.</subfield>
            </datafield>
            <datafield tag="300" ind1=" " ind2=" ">
               <subfield code="a">462 pages ;</subfield>
               <subfield code="c">23 cm</subfield>
            </datafield>
            <datafield tag="500" ind1=" " ind2=" ">
               <subfield code="a">&quot;The chapters of this book are a selection of papers from a major conference on Canada-India Relations, held in Shimla from 16-19 May 1991&quot;--P. [9].</subfield>
            </datafield>
            <datafield tag="504" ind1=" " ind2=" ">
               <subfield code="a">Includes bibliographical references.</subfield>
            </datafield>
            <datafield tag="651" ind1=" " ind2="0">
               <subfield code="a">India</subfield>
               <subfield code="x">Relations</subfield>
               <subfield code="z">Canada.</subfield>
            </datafield>
            <datafield tag="651" ind1=" " ind2="0">
               <subfield code="a">Canada</subfield>
               <subfield code="x">Relations</subfield>
               <subfield code="z">India.</subfield>
            </datafield>
            <datafield tag="700" ind1="1" ind2=" ">
               <subfield code="a">Grewal, J. S.</subfield>
            </datafield>
            <datafield tag="700" ind1="1" ind2=" ">
               <subfield code="a">Johnston, Hugh J. M.,</subfield>
               <subfield code="d">1939-</subfield>
            </datafield>
            <datafield tag="999" ind1=" " ind2=" ">
               <subfield code="a">DS450.C36I53 1994</subfield>
               <subfield code="w">LC</subfield>
               <subfield code="c">1</subfield>
               <subfield code="i">000023370456</subfield>
               <subfield code="d">3/13/1995</subfield>
               <subfield code="e">3/17/1995</subfield>
               <subfield code="l">PATTEE-1</subfield>
               <subfield code="m">UP-PAT</subfield>
               <subfield code="r">Y</subfield>
               <subfield code="s">Y</subfield>
               <subfield code="t">BOOK</subfield>
               <subfield code="u">4/13/2001</subfield>
            </datafield>
      </record>
    </metadata>
  </record>