
   <record> 
    <header>
      <identifier>oai:cat.libraries.psu.edu:1815877</identifier> 
      <datestamp>2022-12-16</datestamp>
      <setSpec>BOOK</setSpec> 
    </header>
    <metadata>
      <record xmlns="http://www.loc.gov/MARC21/slim" xsi:schemaLocation="http://www.loc.gov/MARC21/slim http://www.loc.gov/standards/marcxml/schema/MARC21slim.xsd" type="Bibliographic">
         <leader>     nam  22     Ma 4500</leader>
         <controlfield tag="008">970306s1996    xxu           000 0 eng d</controlfield>
            <datafield tag="010" ind1=" " ind2=" ">
               <subfield code="a">   96023073</subfield>
            </datafield>
            <datafield tag="020" ind1=" " ind2=" ">
               <subfield code="a">3540611282 (hc)</subfield>
            </datafield>
            <datafield tag="020" ind1=" " ind2=" ">
               <subfield code="a">0387611282 (hc)</subfield>
            </datafield>
            <datafield tag="035" ind1=" " ind2=" ">
               <subfield code="a">LIAS1987416</subfield>
            </datafield>
            <datafield tag="035" ind1=" " ind2=" ">
               <subfield code="a">(OCoLC)182901430</subfield>
            </datafield>
            <datafield tag="050" ind1="0" ind2="0">
               <subfield code="a">TN870.5</subfield>
               <subfield code="b">.P4747 1996</subfield>
            </datafield>
            <datafield tag="245" ind1="0" ind2="0">
               <subfield code="a">Petroleum and basin evolution /</subfield>
               <subfield code="c">D.H. Welte, B. Horsfield, D.R. Baker, editors.</subfield>
            </datafield>
            <datafield tag="264" ind1=" " ind2="1">
               <subfield code="a">New York :</subfield>
               <subfield code="b">Springer,</subfield>
               <subfield code="c">1996.</subfield>
            </datafield>
            <datafield tag="300" ind1=" " ind2=" ">
               <subfield code="a">xxiv, 535 pages :</subfield>
               <subfield code="b">illustrations ;</subfield>
               <subfield code="c">25 cm</subfield>
            </datafield>
            <datafield tag="504" ind1=" " ind2=" ">
               <subfield code="a">Includes bibliographical references and index.</subfield>
            </datafield>
            <datafield tag="505" ind1="0" ind2=" ">
               <subfield code="a">CLASSIFICATION OF COALS BY RANK: MICROCOMPONENTS IN COAL: SAMPLING: Preparation of a sample for analysis -- COAL TESTING: PROXIMATE ANALYSIS: Moisture -- Ash -- Volatile Matter -- Fixed carbon -- ULTIMATE ANALYSIS: Carbon and hydrogen -- Nitrogen -- Total sulfur -- Oxygen -- CALCULATING COAL ANALYSES FROM AS DETERMINED VALUES TO DIFFERENT BASES: Formulas for converting data -- MISCELLANEOUS ANALYSIS: Chlorine -- Forms of sulfur -- Carbon dioxide in coal -- Calorific value of coal -- Fusibility of coal ash -- Composition of coal ash -- Mineral matter in coal -- Hardgrove grindability index of coal -- Plastic properties of coals -- NEW DEVELOPMENTS IN INSTRUMENTATION FOR ROUTINE COAL ANALYSIS.</subfield>
            </datafield>
            <datafield tag="505" ind1="8" ind2=" ">
               <subfield code="a">DEPOSITION OF PETROLEUM SOURCE ROCKS / R. Littke, D.R. Baker, and J. Rullkotter -- Introduction -- Production and preservation of organic matter -- Transport of organic particles -- Deep marine silled basins -- Progradational submarine fans -- Upwelling areas -- Anoxic continental shelves -- Evaporitic environments -- Lakes -- Fluviodeltaic coal bearing sequences -- Source rocks and tectonics of petroleum basins -- THE BULK COMPOSITION OF FIRST FORMED PETROLEUM IN SOURCE ROCKS / B. Horsfield -- Introduction -- The direct analysis of first formed petroleum -- Kerogen composition -- Choice of pyrolysis -- Pyrolysates and petroleum -- Predicting petroleum compositions -- PETROLEUM MIGRATION MECHANISMS, PATHWAYS, EFFICIENCIES, AND NUMERICAL SIMULATIONS / U. Mann, T. Hantschel, R.G. Schaefer, B. Krooss, D. Leythaeuser, R. Littke, and R.F. Sachsenhofer -- Introduction -- Migration mechanism -- Migration pathways -- Migration efficiency -- Simulation of migration processes the geological framework.</subfield>
            </datafield>
            <datafield tag="650" ind1=" " ind2="0">
               <subfield code="a">Petroleum</subfield>
               <subfield code="x">Geology.</subfield>
            </datafield>
            <datafield tag="650" ind1=" " ind2="0">
               <subfield code="a">Sedimentary basins</subfield>
               <subfield code="x">Mathematical models.</subfield>
            </datafield>
            <datafield tag="650" ind1=" " ind2="0">
               <subfield code="a">Geochemistry.</subfield>
            </datafield>
            <datafield tag="700" ind1="1" ind2=" ">
               <subfield code="a">Welte, D. H.</subfield>
               <subfield code="q">(Dietrich H.),</subfield>
               <subfield code="d">1935-</subfield>
            </datafield>
            <datafield tag="700" ind1="1" ind2=" ">
               <subfield code="a">Horsfield, B.</subfield>
               <subfield code="q">(Brian),</subfield>
               <subfield code="d">1951-</subfield>
            </datafield>
            <datafield tag="700" ind1="1" ind2=" ">
               <subfield code="a">Baker, Donald R.,</subfield>
               <subfield code="d">1927-</subfield>
            </datafield>
            <datafield tag="999" ind1=" " ind2=" ">
               <subfield code="a">TN870.5.P4747 1996</subfield>
               <subfield code="w">LC</subfield>
               <subfield code="c">1</subfield>
               <subfield code="i">000026660578</subfield>
               <subfield code="d">7/13/2017</subfield>
               <subfield code="e">3/5/2010</subfield>
               <subfield code="f">7/13/2017</subfield>
               <subfield code="g">1</subfield>
               <subfield code="l">STACKS-EM</subfield>
               <subfield code="m">UP-EMS</subfield>
               <subfield code="n">18</subfield>
               <subfield code="q">2</subfield>
               <subfield code="r">Y</subfield>
               <subfield code="s">Y</subfield>
               <subfield code="t">BOOK</subfield>
               <subfield code="u">4/13/2001</subfield>
            </datafield>
      </record>
    </metadata>
  </record>