
   <record> 
    <header>
      <identifier>oai:cat.libraries.psu.edu:1815878</identifier> 
      <datestamp>2022-12-16</datestamp>
      <setSpec>BOOK</setSpec> 
    </header>
    <metadata>
      <record xmlns="http://www.loc.gov/MARC21/slim" xsi:schemaLocation="http://www.loc.gov/MARC21/slim http://www.loc.gov/standards/marcxml/schema/MARC21slim.xsd" type="Bibliographic">
         <leader>     nam  22     1a 4500</leader>
         <controlfield tag="008">930224t19911991xx            000 0 ger d</controlfield>
            <datafield tag="020" ind1=" " ind2=" ">
               <subfield code="a">3700406665</subfield>
            </datafield>
            <datafield tag="035" ind1=" " ind2=" ">
               <subfield code="a">LIAS1674830</subfield>
            </datafield>
            <datafield tag="035" ind1=" " ind2=" ">
               <subfield code="a">(OCoLC)27111799</subfield>
            </datafield>
            <datafield tag="050" ind1="1" ind2="4">
               <subfield code="a">PT2681.Z9</subfield>
               <subfield code="b">L53 1992</subfield>
            </datafield>
            <datafield tag="100" ind1="1" ind2=" ">
               <subfield code="a">Szyszkowitz, Gerald.</subfield>
            </datafield>
            <datafield tag="245" ind1="1" ind2="4">
               <subfield code="a">Der Liebe lange Weile /</subfield>
               <subfield code="c">Gerald Szyszkowitz.</subfield>
            </datafield>
            <datafield tag="264" ind1=" " ind2="1">
               <subfield code="a">Wien :</subfield>
               <subfield code="b">Boesskraut &amp; Bernardi,</subfield>
               <subfield code="c">[1991]</subfield>
            </datafield>
            <datafield tag="264" ind1=" " ind2="4">
               <subfield code="c">©1991</subfield>
            </datafield>
            <datafield tag="300" ind1=" " ind2=" ">
               <subfield code="a">236 pages ;</subfield>
               <subfield code="c">19 cm</subfield>
            </datafield>
            <datafield tag="999" ind1=" " ind2=" ">
               <subfield code="a">PT2681.Z9L53 1992</subfield>
               <subfield code="w">LC</subfield>
               <subfield code="c">1</subfield>
               <subfield code="i">000020417376</subfield>
               <subfield code="d">2/24/1993</subfield>
               <subfield code="e">3/30/1993</subfield>
               <subfield code="l">PATTEE-3</subfield>
               <subfield code="m">UP-PAT</subfield>
               <subfield code="r">Y</subfield>
               <subfield code="s">Y</subfield>
               <subfield code="t">BOOK</subfield>
               <subfield code="u">4/13/2001</subfield>
            </datafield>
      </record>
    </metadata>
  </record>