
   <record> 
    <header>
      <identifier>oai:cat.libraries.psu.edu:1815879</identifier> 
      <datestamp>2022-12-16</datestamp>
      <setSpec>BOOK</setSpec> 
    </header>
    <metadata>
      <record xmlns="http://www.loc.gov/MARC21/slim" xsi:schemaLocation="http://www.loc.gov/MARC21/slim http://www.loc.gov/standards/marcxml/schema/MARC21slim.xsd" type="Bibliographic">
         <leader>     nas  22     1a 4500</leader>
         <controlfield tag="008">950313s1994    xx            000 0 eng d</controlfield>
            <datafield tag="020" ind1=" " ind2=" ">
               <subfield code="a">8877793988</subfield>
            </datafield>
            <datafield tag="035" ind1=" " ind2=" ">
               <subfield code="a">LIAS1830473</subfield>
            </datafield>
            <datafield tag="035" ind1=" " ind2=" ">
               <subfield code="a">(OCoLC)31267193</subfield>
            </datafield>
            <datafield tag="041" ind1="0" ind2=" ">
               <subfield code="a">eng</subfield>
               <subfield code="a">fre</subfield>
               <subfield code="a">ita</subfield>
            </datafield>
            <datafield tag="050" ind1="1" ind2="4">
               <subfield code="a">NC256.F5</subfield>
               <subfield code="b">F55 1994</subfield>
            </datafield>
            <datafield tag="245" ind1="0" ind2="0">
               <subfield code="a">Florentine drawing at the time of Lorenzo the Magnificent :</subfield>
               <subfield code="b">papers from a colloquium held at the Villa Spelman, Florence, 1992 /</subfield>
               <subfield code="c">edited with an introduction by Elizabeth Cropper.</subfield>
            </datafield>
            <datafield tag="264" ind1=" " ind2="1">
               <subfield code="a">Bologna :</subfield>
               <subfield code="b">Nuova Alfa Editoriale,</subfield>
               <subfield code="c">[1994]</subfield>
            </datafield>
            <datafield tag="264" ind1=" " ind2="2">
               <subfield code="a">[Baltimore] :</subfield>
               <subfield code="b">Distributed by the Johns Hopkins University Press.</subfield>
            </datafield>
            <datafield tag="300" ind1=" " ind2=" ">
               <subfield code="a">xv, 276 pages, 86 unnumbered pages of plates :</subfield>
               <subfield code="b">illustrations ;</subfield>
               <subfield code="c">25 cm.</subfield>
            </datafield>
            <datafield tag="490" ind1="1" ind2=" ">
               <subfield code="a">Villa Spelman colloquia ;</subfield>
               <subfield code="v">v. 4</subfield>
            </datafield>
            <datafield tag="500" ind1=" " ind2=" ">
               <subfield code="a">English, French, and Italian.</subfield>
            </datafield>
            <datafield tag="504" ind1=" " ind2=" ">
               <subfield code="a">Includes bibliographical references.</subfield>
            </datafield>
            <datafield tag="650" ind1=" " ind2="0">
               <subfield code="a">Drawing, Italian</subfield>
               <subfield code="z">Italy</subfield>
               <subfield code="z">Florence</subfield>
               <subfield code="y">15th century</subfield>
               <subfield code="v">Congresses.</subfield>
            </datafield>
            <datafield tag="650" ind1=" " ind2="0">
               <subfield code="a">Drawing, Renaissance</subfield>
               <subfield code="z">Italy</subfield>
               <subfield code="z">Florence</subfield>
               <subfield code="v">Congresses.</subfield>
            </datafield>
            <datafield tag="650" ind1=" " ind2="0">
               <subfield code="a">Drawing</subfield>
               <subfield code="z">Italy</subfield>
               <subfield code="z">Florence</subfield>
               <subfield code="v">Congresses.</subfield>
            </datafield>
            <datafield tag="700" ind1="1" ind2=" ">
               <subfield code="a">Cropper, Elizabeth,</subfield>
               <subfield code="d">1944-</subfield>
            </datafield>
            <datafield tag="830" ind1=" " ind2="0">
               <subfield code="a">Villa Spelman colloquia ;</subfield>
               <subfield code="v">v. 4.</subfield>
            </datafield>
            <datafield tag="999" ind1=" " ind2=" ">
               <subfield code="a">NC256.F5F55 1994</subfield>
               <subfield code="w">LC</subfield>
               <subfield code="c">1</subfield>
               <subfield code="i">000024141697</subfield>
               <subfield code="d">11/7/2022</subfield>
               <subfield code="e">11/7/2022</subfield>
               <subfield code="k">ILL</subfield>
               <subfield code="l">PATTEE-2</subfield>
               <subfield code="m">UP-PAT</subfield>
               <subfield code="n">10</subfield>
               <subfield code="q">2</subfield>
               <subfield code="r">M</subfield>
               <subfield code="s">Y</subfield>
               <subfield code="t">BOOK</subfield>
               <subfield code="u">4/13/2001</subfield>
            </datafield>
      </record>
    </metadata>
  </record>