
   <record> 
    <header>
      <identifier>oai:cat.libraries.psu.edu:181588</identifier> 
      <datestamp>2022-12-16</datestamp>
      <setSpec>PERIODICAL</setSpec> 
    </header>
    <metadata>
      <record xmlns="http://www.loc.gov/MARC21/slim" xsi:schemaLocation="http://www.loc.gov/MARC21/slim http://www.loc.gov/standards/marcxml/schema/MARC21slim.xsd" type="Bibliographic">
         <leader>     nam  22      a 4500</leader>
         <controlfield tag="008">820503d19751981xx au         0    0eng d</controlfield>
            <datafield tag="010" ind1=" " ind2=" ">
               <subfield code="a">sn 84010868</subfield>
            </datafield>
            <datafield tag="035" ind1=" " ind2=" ">
               <subfield code="a">LIAS201503</subfield>
            </datafield>
            <datafield tag="035" ind1=" " ind2=" ">
               <subfield code="a">(OCoLC)3265583</subfield>
            </datafield>
            <datafield tag="245" ind1="0" ind2="0">
               <subfield code="a">Schatzkammer der deutschen Sprachlehre, Dichtung und Geschichte.</subfield>
            </datafield>
            <datafield tag="264" ind1=" " ind2="1">
               <subfield code="a">Vermillion, SD :</subfield>
               <subfield code="b">Dept. of Modern Languages, University of South Dakota,</subfield>
               <subfield code="c">1975-1981.</subfield>
            </datafield>
            <datafield tag="300" ind1=" " ind2=" ">
               <subfield code="a">7 volumes :</subfield>
               <subfield code="b">illustrations ;</subfield>
               <subfield code="c">22 cm</subfield>
            </datafield>
            <datafield tag="362" ind1="0" ind2=" ">
               <subfield code="a">Vol. 1 (1975)-v. 7, no. 1 (fall 1981).</subfield>
            </datafield>
            <datafield tag="546" ind1=" " ind2=" ">
               <subfield code="a">Text in English and German.</subfield>
            </datafield>
            <datafield tag="650" ind1=" " ind2="0">
               <subfield code="a">German language</subfield>
               <subfield code="x">Study and teaching</subfield>
               <subfield code="v">Periodicals.</subfield>
            </datafield>
            <datafield tag="650" ind1=" " ind2="0">
               <subfield code="a">German philology</subfield>
               <subfield code="v">Periodicals.</subfield>
            </datafield>
            <datafield tag="650" ind1=" " ind2="0">
               <subfield code="a">German American literature</subfield>
               <subfield code="v">Periodicals.</subfield>
            </datafield>
            <datafield tag="710" ind1="2" ind2=" ">
               <subfield code="a">University of South Dakota.</subfield>
               <subfield code="b">Department of Modern Languages.</subfield>
            </datafield>
            <datafield tag="785" ind1="0" ind2="0">
               <subfield code="t">Schatzkammer der deutschen Sprache, Dichtung und Geschichte.</subfield>
            </datafield>
            <datafield tag="999" ind1=" " ind2=" ">
               <subfield code="a">PF3065.S3 v.7-9 1981-1983</subfield>
               <subfield code="w">LC</subfield>
               <subfield code="c">1</subfield>
               <subfield code="i">60770701010</subfield>
               <subfield code="l">CATO-2</subfield>
               <subfield code="m">UP-ANNEX</subfield>
               <subfield code="r">Y</subfield>
               <subfield code="s">Y</subfield>
               <subfield code="t">PERIODICAL</subfield>
               <subfield code="u">9/8/2010</subfield>
               <subfield code="x">A3</subfield>
               <subfield code="z">6077</subfield>
               <subfield code="0">0701</subfield>
               <subfield code="1">010</subfield>
            </datafield>
      </record>
    </metadata>
  </record>