
   <record> 
    <header>
      <identifier>oai:cat.libraries.psu.edu:1815888</identifier> 
      <datestamp>2022-12-16</datestamp>
      <setSpec>ONLINE</setSpec> 
      <setSpec>PERIODICAL</setSpec> 
    </header>
    <metadata>
      <record xmlns="http://www.loc.gov/MARC21/slim" xsi:schemaLocation="http://www.loc.gov/MARC21/slim http://www.loc.gov/standards/marcxml/schema/MARC21slim.xsd" type="Bibliographic">
         <leader>     nam  22      a 4500</leader>
         <controlfield tag="008">970306c19969999xx buzp       0   a0eng d</controlfield>
            <datafield tag="035" ind1=" " ind2=" ">
               <subfield code="a">LIAS1987419</subfield>
            </datafield>
            <datafield tag="010" ind1=" " ind2=" ">
               <subfield code="a">sn 96003364</subfield>
            </datafield>
            <datafield tag="022" ind1=" " ind2=" ">
               <subfield code="a">1382-5585</subfield>
            </datafield>
            <datafield tag="035" ind1=" " ind2=" ">
               <subfield code="a">(OCoLC)35174087</subfield>
            </datafield>
            <datafield tag="035" ind1=" " ind2=" ">
               <subfield code="a">(CStRLIN)NJRG96-S1430</subfield>
            </datafield>
            <datafield tag="050" ind1="1" ind2="4">
               <subfield code="a">BF724.85.C64</subfield>
               <subfield code="b">A35</subfield>
            </datafield>
            <datafield tag="245" ind1="0" ind2="0">
               <subfield code="a">Aging, neuropsychology, and cognition</subfield>
            </datafield>
            <datafield tag="246" ind1="3" ind2="9">
               <subfield code="a">Aging, neuropsychology, and cognition</subfield>
            </datafield>
            <datafield tag="246" ind1="3" ind2="9">
               <subfield code="a">Neuropsychology, development, and cognition. Section B. Aging, neuropsychology, and cognition</subfield>
            </datafield>
            <datafield tag="260" ind1=" " ind2=" ">
               <subfield code="a">Lisse :</subfield>
               <subfield code="b">Swets &amp; Zeitlinger,</subfield>
               <subfield code="c">c1996-</subfield>
            </datafield>
            <datafield tag="300" ind1=" " ind2=" ">
               <subfield code="a">v. :</subfield>
               <subfield code="b">ill. ;</subfield>
               <subfield code="c">24 cm.</subfield>
            </datafield>
            <datafield tag="310" ind1=" " ind2=" ">
               <subfield code="a">Bimonthly, </subfield>
               <subfield code="b"> 2007-</subfield>
            </datafield>
            <datafield tag="321" ind1=" " ind2=" ">
               <subfield code="a">Quarterly.</subfield>
            </datafield>
            <datafield tag="362" ind1="0" ind2=" ">
               <subfield code="a">Vol. 3, no. 1 (1996)-</subfield>
            </datafield>
            <datafield tag="650" ind1=" " ind2="0">
               <subfield code="a">Cognition in old age</subfield>
               <subfield code="v">Periodicals.</subfield>
            </datafield>
            <datafield tag="650" ind1=" " ind2="0">
               <subfield code="a">Cognition disorders in old age</subfield>
               <subfield code="v">Periodicals.</subfield>
            </datafield>
            <datafield tag="650" ind1=" " ind2="0">
               <subfield code="a">Aging</subfield>
               <subfield code="v">Periodicals.</subfield>
            </datafield>
            <datafield tag="780" ind1="0" ind2="0">
               <subfield code="t">Neuropsychology, development, and cognition. Section B, Aging and cognition.</subfield>
            </datafield>
            <datafield tag="780" ind1="0" ind2="0">
               <subfield code="t">Aging and cognition.</subfield>
            </datafield>
            <datafield tag="999" ind1=" " ind2=" ">
               <subfield code="a">BF724.85.C64A35 v.7-8 2000-01</subfield>
               <subfield code="w">LCPER</subfield>
               <subfield code="c">1</subfield>
               <subfield code="i">000048272919</subfield>
               <subfield code="d">3/3/2016</subfield>
               <subfield code="e">3/3/2003</subfield>
               <subfield code="l">PATERNO-2</subfield>
               <subfield code="m">UP-PAT</subfield>
               <subfield code="q">2</subfield>
               <subfield code="r">Y</subfield>
               <subfield code="s">Y</subfield>
               <subfield code="t">PERIODICAL</subfield>
               <subfield code="u">2/14/2002</subfield>
            </datafield>
            <datafield tag="999" ind1=" " ind2=" ">
               <subfield code="a">BF724.85.C64A35 v.9 2002</subfield>
               <subfield code="w">LCPER</subfield>
               <subfield code="c">1</subfield>
               <subfield code="i">000052578311</subfield>
               <subfield code="d">10/4/2016</subfield>
               <subfield code="l">PATERNO-2</subfield>
               <subfield code="m">UP-PAT</subfield>
               <subfield code="q">2</subfield>
               <subfield code="r">Y</subfield>
               <subfield code="s">Y</subfield>
               <subfield code="t">PERIODICAL</subfield>
               <subfield code="u">10/31/2003</subfield>
            </datafield>
            <datafield tag="999" ind1=" " ind2=" ">
               <subfield code="a">BF724.85.C64A35 v.10 2003</subfield>
               <subfield code="w">LCPER</subfield>
               <subfield code="c">1</subfield>
               <subfield code="i">000052832277</subfield>
               <subfield code="l">PATERNO-2</subfield>
               <subfield code="m">UP-PAT</subfield>
               <subfield code="r">Y</subfield>
               <subfield code="s">Y</subfield>
               <subfield code="t">PERIODICAL</subfield>
               <subfield code="u">5/27/2004</subfield>
            </datafield>
            <datafield tag="999" ind1=" " ind2=" ">
               <subfield code="a">BF724.85.C64A35 v.11 2004</subfield>
               <subfield code="w">LCPER</subfield>
               <subfield code="c">1</subfield>
               <subfield code="i">000054980273</subfield>
               <subfield code="d">10/29/2015</subfield>
               <subfield code="l">PATERNO-2</subfield>
               <subfield code="m">UP-PAT</subfield>
               <subfield code="q">1</subfield>
               <subfield code="r">Y</subfield>
               <subfield code="s">Y</subfield>
               <subfield code="t">PERIODICAL</subfield>
               <subfield code="u">4/28/2005</subfield>
            </datafield>
            <datafield tag="999" ind1=" " ind2=" ">
               <subfield code="a">BF724.85.C64A35 v.12 2005</subfield>
               <subfield code="w">LCPER</subfield>
               <subfield code="c">1</subfield>
               <subfield code="i">000054953710</subfield>
               <subfield code="l">PATERNO-2</subfield>
               <subfield code="m">UP-PAT</subfield>
               <subfield code="r">Y</subfield>
               <subfield code="s">Y</subfield>
               <subfield code="t">PERIODICAL</subfield>
               <subfield code="u">2/6/2006</subfield>
            </datafield>
            <datafield tag="999" ind1=" " ind2=" ">
               <subfield code="a">BF724.85.C64A35 v.13 2006</subfield>
               <subfield code="w">LCPER</subfield>
               <subfield code="c">1</subfield>
               <subfield code="i">000055065993</subfield>
               <subfield code="d">6/11/2015</subfield>
               <subfield code="l">PATERNO-2</subfield>
               <subfield code="m">UP-PAT</subfield>
               <subfield code="q">1</subfield>
               <subfield code="r">Y</subfield>
               <subfield code="s">Y</subfield>
               <subfield code="t">PERIODICAL</subfield>
               <subfield code="u">9/11/2006</subfield>
            </datafield>
            <datafield tag="999" ind1=" " ind2=" ">
               <subfield code="a">BF724.85.C64A35 v.14 2007</subfield>
               <subfield code="w">LC</subfield>
               <subfield code="c">1</subfield>
               <subfield code="i">000055238359</subfield>
               <subfield code="d">9/10/2015</subfield>
               <subfield code="l">PATERNO-2</subfield>
               <subfield code="m">UP-PAT</subfield>
               <subfield code="q">3</subfield>
               <subfield code="r">Y</subfield>
               <subfield code="s">Y</subfield>
               <subfield code="t">PERIODICAL</subfield>
               <subfield code="u">1/13/2009</subfield>
            </datafield>
            <datafield tag="999" ind1=" " ind2=" ">
               <subfield code="a">BF724.85.C64A35 v.15 2008</subfield>
               <subfield code="w">LC</subfield>
               <subfield code="c">1</subfield>
               <subfield code="i">000059724438</subfield>
               <subfield code="d">3/6/2018</subfield>
               <subfield code="l">PATERNO-2</subfield>
               <subfield code="m">UP-PAT</subfield>
               <subfield code="q">1</subfield>
               <subfield code="r">Y</subfield>
               <subfield code="s">Y</subfield>
               <subfield code="t">PERIODICAL</subfield>
               <subfield code="u">1/13/2009</subfield>
            </datafield>
            <datafield tag="999" ind1=" " ind2=" ">
               <subfield code="a">BF724.85.C64A35 v.16 2009</subfield>
               <subfield code="w">LCPER</subfield>
               <subfield code="c">1</subfield>
               <subfield code="i">000059771852</subfield>
               <subfield code="d">4/25/2022</subfield>
               <subfield code="l">PATERNO-2</subfield>
               <subfield code="m">UP-PAT</subfield>
               <subfield code="q">1</subfield>
               <subfield code="r">Y</subfield>
               <subfield code="s">Y</subfield>
               <subfield code="t">PERIODICAL</subfield>
               <subfield code="u">8/24/2009</subfield>
            </datafield>
            <datafield tag="999" ind1=" " ind2=" ">
               <subfield code="a">BF724.85.C64A35 v.16 no.4-6 2009</subfield>
               <subfield code="w">LCPER</subfield>
               <subfield code="c">1</subfield>
               <subfield code="i">000061862920</subfield>
               <subfield code="d">8/21/2014</subfield>
               <subfield code="l">PATERNO-2</subfield>
               <subfield code="m">UP-PAT</subfield>
               <subfield code="q">2</subfield>
               <subfield code="r">Y</subfield>
               <subfield code="s">Y</subfield>
               <subfield code="t">PERIODICAL</subfield>
               <subfield code="u">4/19/2010</subfield>
            </datafield>
            <datafield tag="999" ind1=" " ind2=" ">
               <subfield code="a">PO-4138</subfield>
               <subfield code="w">ASIS</subfield>
               <subfield code="c">1</subfield>
               <subfield code="i">PO-4138</subfield>
               <subfield code="l">ON-ORDER</subfield>
               <subfield code="m">ONLINE</subfield>
               <subfield code="r">Y</subfield>
               <subfield code="s">Y</subfield>
               <subfield code="t">ONLINE</subfield>
               <subfield code="u">9/30/2010</subfield>
            </datafield>
            <datafield tag="999" ind1=" " ind2=" ">
               <subfield code="a">BF724.85.C64A35 v.17 2010</subfield>
               <subfield code="w">LCPER</subfield>
               <subfield code="c">1</subfield>
               <subfield code="i">000061807976</subfield>
               <subfield code="d">4/14/2015</subfield>
               <subfield code="l">PATERNO-2</subfield>
               <subfield code="m">UP-PAT</subfield>
               <subfield code="q">2</subfield>
               <subfield code="r">Y</subfield>
               <subfield code="s">Y</subfield>
               <subfield code="t">PERIODICAL</subfield>
               <subfield code="u">12/10/2010</subfield>
            </datafield>
            <datafield tag="999" ind1=" " ind2=" ">
               <subfield code="a">BF724.85.C64A35 v.3-4 1996-97</subfield>
               <subfield code="w">LCPER</subfield>
               <subfield code="c">1</subfield>
               <subfield code="i">000065818954</subfield>
               <subfield code="d">4/22/2021</subfield>
               <subfield code="e">11/23/2009</subfield>
               <subfield code="l">PATERNO-2</subfield>
               <subfield code="m">UP-PAT</subfield>
               <subfield code="q">2</subfield>
               <subfield code="r">Y</subfield>
               <subfield code="s">Y</subfield>
               <subfield code="t">PERIODICAL</subfield>
               <subfield code="u">4/30/2009</subfield>
            </datafield>
            <datafield tag="999" ind1=" " ind2=" ">
               <subfield code="a">BF724.85.C64A35 v.5-6 1998-99</subfield>
               <subfield code="w">LCPER</subfield>
               <subfield code="c">1</subfield>
               <subfield code="i">000065818961</subfield>
               <subfield code="d">1/26/2010</subfield>
               <subfield code="e">11/23/2009</subfield>
               <subfield code="l">PATERNO-2</subfield>
               <subfield code="m">UP-PAT</subfield>
               <subfield code="r">Y</subfield>
               <subfield code="s">Y</subfield>
               <subfield code="t">PERIODICAL</subfield>
               <subfield code="u">4/30/2009</subfield>
            </datafield>
      </record>
    </metadata>
  </record>