
   <record> 
    <header>
      <identifier>oai:cat.libraries.psu.edu:181589</identifier> 
      <datestamp>2022-12-16</datestamp>
      <setSpec>BOOK</setSpec> 
    </header>
    <metadata>
      <record xmlns="http://www.loc.gov/MARC21/slim" xsi:schemaLocation="http://www.loc.gov/MARC21/slim http://www.loc.gov/standards/marcxml/schema/MARC21slim.xsd" type="Bibliographic">
         <leader>     nam  22     Ia 4500</leader>
         <controlfield tag="008">760920s1803    xx            000 0 ger d</controlfield>
            <datafield tag="035" ind1=" " ind2=" ">
               <subfield code="a">LIAS264815</subfield>
            </datafield>
            <datafield tag="035" ind1=" " ind2=" ">
               <subfield code="a">(OCoLC)316839066</subfield>
            </datafield>
            <datafield tag="100" ind1="1" ind2=" ">
               <subfield code="a">Campe, Joachim Heinrich,</subfield>
               <subfield code="d">1746-1818.</subfield>
            </datafield>
            <datafield tag="245" ind1="1" ind2="0">
               <subfield code="a">Reise durch England und Frankreich in Briefen an einen jungen Freund in Deutschland /</subfield>
               <subfield code="c">von Joachim Heinrich Campe.</subfield>
            </datafield>
            <datafield tag="264" ind1=" " ind2="1">
               <subfield code="a">Branschweig :</subfield>
               <subfield code="b">Schulbuchhandlung,</subfield>
               <subfield code="c">1803.</subfield>
            </datafield>
            <datafield tag="300" ind1=" " ind2=" ">
               <subfield code="a">2 volumes :</subfield>
               <subfield code="b">illustrations ;</subfield>
               <subfield code="c">17 cm</subfield>
            </datafield>
            <datafield tag="500" ind1=" " ind2=" ">
               <subfield code="a">&quot;Aus des Verfassers neuer Sammlung von Reisebeschreibungen besonders abgedruckt&quot;.</subfield>
            </datafield>
            <datafield tag="651" ind1=" " ind2="0">
               <subfield code="a">Great Britain</subfield>
               <subfield code="x">Description and travel.</subfield>
            </datafield>
            <datafield tag="651" ind1=" " ind2="0">
               <subfield code="a">France</subfield>
               <subfield code="x">Description and travel.</subfield>
            </datafield>
            <datafield tag="999" ind1=" " ind2=" ">
               <subfield code="a">DA625.C27 1803 T.1</subfield>
               <subfield code="w">LC</subfield>
               <subfield code="c">1</subfield>
               <subfield code="i">000014035074</subfield>
               <subfield code="d">7/8/1993</subfield>
               <subfield code="e">6/20/1988</subfield>
               <subfield code="l">ALLISON-SH</subfield>
               <subfield code="m">UP-SPECCOL</subfield>
               <subfield code="r">Y</subfield>
               <subfield code="s">Y</subfield>
               <subfield code="t">BOOK</subfield>
               <subfield code="u">4/12/2001</subfield>
            </datafield>
            <datafield tag="999" ind1=" " ind2=" ">
               <subfield code="a">DA625.C27 1803 T.2</subfield>
               <subfield code="w">LC</subfield>
               <subfield code="c">1</subfield>
               <subfield code="i">000014035005</subfield>
               <subfield code="d">7/8/1993</subfield>
               <subfield code="e">6/20/1988</subfield>
               <subfield code="l">ALLISON-SH</subfield>
               <subfield code="m">UP-SPECCOL</subfield>
               <subfield code="r">Y</subfield>
               <subfield code="s">Y</subfield>
               <subfield code="t">BOOK</subfield>
               <subfield code="u">4/12/2001</subfield>
            </datafield>
      </record>
    </metadata>
  </record>