
   <record> 
    <header>
      <identifier>oai:cat.libraries.psu.edu:1815896</identifier> 
      <datestamp>2022-12-16</datestamp>
      <setSpec>BOOK</setSpec> 
    </header>
    <metadata>
      <record xmlns="http://www.loc.gov/MARC21/slim" xsi:schemaLocation="http://www.loc.gov/MARC21/slim http://www.loc.gov/standards/marcxml/schema/MARC21slim.xsd" type="Bibliographic">
         <leader>     nam  22      a 4500</leader>
         <controlfield tag="008">930224t19921992xx a     b    000 0bger d</controlfield>
            <datafield tag="020" ind1=" " ind2=" ">
               <subfield code="a">3890868851</subfield>
            </datafield>
            <datafield tag="035" ind1=" " ind2=" ">
               <subfield code="a">LIAS1674835</subfield>
            </datafield>
            <datafield tag="035" ind1=" " ind2=" ">
               <subfield code="a">(OCoLC)26923238</subfield>
            </datafield>
            <datafield tag="050" ind1="1" ind2="4">
               <subfield code="a">PT2605.A58</subfield>
               <subfield code="b">Z676 1992</subfield>
            </datafield>
            <datafield tag="100" ind1="1" ind2=" ">
               <subfield code="a">Hartung, Rudolf,</subfield>
               <subfield code="d">1914-1985.</subfield>
            </datafield>
            <datafield tag="245" ind1="1" ind2="0">
               <subfield code="a">Elias Canetti :</subfield>
               <subfield code="b">ein Rezipient und sein Autor : eine Dokumentation /</subfield>
               <subfield code="c">Rudolf Hartung ; herausgegeben von Bernhard Albers.</subfield>
            </datafield>
            <datafield tag="250" ind1=" " ind2=" ">
               <subfield code="a">Originalausg.</subfield>
            </datafield>
            <datafield tag="264" ind1=" " ind2="1">
               <subfield code="a">Aachen :</subfield>
               <subfield code="b">Rimbaud,</subfield>
               <subfield code="c">[1992]</subfield>
            </datafield>
            <datafield tag="264" ind1=" " ind2="4">
               <subfield code="c">©1992</subfield>
            </datafield>
            <datafield tag="300" ind1=" " ind2=" ">
               <subfield code="a">157 pages :</subfield>
               <subfield code="b">illustrations ;</subfield>
               <subfield code="c">21 cm</subfield>
            </datafield>
            <datafield tag="504" ind1=" " ind2=" ">
               <subfield code="a">Includes bibliographical references.</subfield>
            </datafield>
            <datafield tag="600" ind1="1" ind2="0">
               <subfield code="a">Canetti, Elias,</subfield>
               <subfield code="d">1905-1994</subfield>
               <subfield code="x">Criticism and interpretation.</subfield>
            </datafield>
            <datafield tag="600" ind1="1" ind2="0">
               <subfield code="a">Hartung, Rudolf,</subfield>
               <subfield code="d">1914-1985</subfield>
               <subfield code="v">Correspondence.</subfield>
            </datafield>
            <datafield tag="600" ind1="1" ind2="0">
               <subfield code="a">Canetti, Elias,</subfield>
               <subfield code="d">1905-1994</subfield>
               <subfield code="v">Correspondence.</subfield>
            </datafield>
            <datafield tag="650" ind1=" " ind2="0">
               <subfield code="a">Authors, German</subfield>
               <subfield code="y">20th century</subfield>
               <subfield code="v">Correspondence.</subfield>
            </datafield>
            <datafield tag="700" ind1="1" ind2=" ">
               <subfield code="a">Canetti, Elias,</subfield>
               <subfield code="d">1905-1994.</subfield>
            </datafield>
            <datafield tag="700" ind1="1" ind2=" ">
               <subfield code="a">Albers, B.</subfield>
               <subfield code="q">(Bernard)</subfield>
            </datafield>
            <datafield tag="999" ind1=" " ind2=" ">
               <subfield code="a">PT2605.A58Z676 1992</subfield>
               <subfield code="w">LC</subfield>
               <subfield code="c">1</subfield>
               <subfield code="i">000020417369</subfield>
               <subfield code="d">2/24/1993</subfield>
               <subfield code="e">3/30/1993</subfield>
               <subfield code="l">PATTEE-3</subfield>
               <subfield code="m">UP-PAT</subfield>
               <subfield code="r">Y</subfield>
               <subfield code="s">Y</subfield>
               <subfield code="t">BOOK</subfield>
               <subfield code="u">4/13/2001</subfield>
            </datafield>
      </record>
    </metadata>
  </record>