
   <record> 
    <header>
      <identifier>oai:cat.libraries.psu.edu:1815897</identifier> 
      <datestamp>2022-12-16</datestamp>
      <setSpec>JUVENILEBK</setSpec> 
    </header>
    <metadata>
      <record xmlns="http://www.loc.gov/MARC21/slim" xsi:schemaLocation="http://www.loc.gov/MARC21/slim http://www.loc.gov/standards/marcxml/schema/MARC21slim.xsd" type="Bibliographic">
         <leader>     nam  22      a 4500</leader>
         <controlfield tag="008">970306t19821982xxua   j      000 0 eng d</controlfield>
            <datafield tag="010" ind1=" " ind2=" ">
               <subfield code="a">   81038448</subfield>
            </datafield>
            <datafield tag="020" ind1=" " ind2=" ">
               <subfield code="a">0516016458</subfield>
            </datafield>
            <datafield tag="035" ind1=" " ind2=" ">
               <subfield code="a">LIAS1987421</subfield>
            </datafield>
            <datafield tag="035" ind1=" " ind2=" ">
               <subfield code="a">(OCoLC)7735618</subfield>
            </datafield>
            <datafield tag="050" ind1="0" ind2="0">
               <subfield code="a">GB1203.8</subfield>
               <subfield code="b">.C37 1982</subfield>
            </datafield>
            <datafield tag="100" ind1="1" ind2=" ">
               <subfield code="a">Carlisle, Norman V.,</subfield>
               <subfield code="d">1910-</subfield>
            </datafield>
            <datafield tag="245" ind1="1" ind2="0">
               <subfield code="a">Rivers /</subfield>
               <subfield code="c">by Norman and Madelyn Carlisle.</subfield>
            </datafield>
            <datafield tag="264" ind1=" " ind2="1">
               <subfield code="a">Chicago :</subfield>
               <subfield code="b">Childrens Press,</subfield>
               <subfield code="c">[1982]</subfield>
            </datafield>
            <datafield tag="264" ind1=" " ind2="4">
               <subfield code="c">©1982</subfield>
            </datafield>
            <datafield tag="300" ind1=" " ind2=" ">
               <subfield code="a">45 pages :</subfield>
               <subfield code="b">color illustrations, maps ;</subfield>
               <subfield code="c">22 cm.</subfield>
            </datafield>
            <datafield tag="490" ind1="1" ind2=" ">
               <subfield code="a">A New true book</subfield>
            </datafield>
            <datafield tag="500" ind1=" " ind2=" ">
               <subfield code="a">Revised edition of: The true book of rivers. 1967.</subfield>
            </datafield>
            <datafield tag="500" ind1=" " ind2=" ">
               <subfield code="a">Includes index.</subfield>
            </datafield>
            <datafield tag="520" ind1=" " ind2=" ">
               <subfield code="a">Describes how a river begins and grows and how it influences the land that it flows through. Also discusses the many ways people use rivers and the importance of keeping them clean and unpolluted.</subfield>
            </datafield>
            <datafield tag="650" ind1=" " ind2="0">
               <subfield code="a">Rivers</subfield>
               <subfield code="v">Juvenile literature.</subfield>
            </datafield>
            <datafield tag="650" ind1=" " ind2="1">
               <subfield code="a">Rivers.</subfield>
            </datafield>
            <datafield tag="700" ind1="1" ind2=" ">
               <subfield code="a">Carlisle, Madelyn.</subfield>
            </datafield>
            <datafield tag="830" ind1=" " ind2="0">
               <subfield code="a">New true book.</subfield>
            </datafield>
            <datafield tag="999" ind1=" " ind2=" ">
               <subfield code="a">GB1203.8.C37 1982</subfield>
               <subfield code="w">LC</subfield>
               <subfield code="c">1</subfield>
               <subfield code="i">000022235367</subfield>
               <subfield code="d">2/6/2018</subfield>
               <subfield code="e">12/30/2017</subfield>
               <subfield code="l">JUVENIL-ED</subfield>
               <subfield code="m">UP-PAT</subfield>
               <subfield code="n">15</subfield>
               <subfield code="q">2</subfield>
               <subfield code="r">Y</subfield>
               <subfield code="s">Y</subfield>
               <subfield code="t">JUVENILEBK</subfield>
               <subfield code="u">4/13/2001</subfield>
            </datafield>
      </record>
    </metadata>
  </record>