
   <record> 
    <header>
      <identifier>oai:cat.libraries.psu.edu:1815899</identifier> 
      <datestamp>2022-12-16</datestamp>
      <setSpec>BOOK</setSpec> 
    </header>
    <metadata>
      <record xmlns="http://www.loc.gov/MARC21/slim" xsi:schemaLocation="http://www.loc.gov/MARC21/slim http://www.loc.gov/standards/marcxml/schema/MARC21slim.xsd" type="Bibliographic">
         <leader>     nam  22     I  4500</leader>
         <controlfield tag="008">950313s1994    xxua     b    000 0 eng d</controlfield>
            <datafield tag="010" ind1=" " ind2=" ">
               <subfield code="a">   93050829</subfield>
            </datafield>
            <datafield tag="020" ind1=" " ind2=" ">
               <subfield code="a">0881322083</subfield>
            </datafield>
            <datafield tag="035" ind1=" " ind2=" ">
               <subfield code="a">LIAS1830478</subfield>
            </datafield>
            <datafield tag="035" ind1=" " ind2=" ">
               <subfield code="a">(OCoLC)29668505</subfield>
            </datafield>
            <datafield tag="050" ind1="0" ind2="0">
               <subfield code="a">JN15</subfield>
               <subfield code="b">.R44 1994</subfield>
            </datafield>
            <datafield tag="245" ind1="0" ind2="0">
               <subfield code="a">Reviving the European Union /</subfield>
               <subfield code="c">C. Randall Henning, Eduard Hochreiter, Gary Clyde Hufbauer, editors.</subfield>
            </datafield>
            <datafield tag="264" ind1=" " ind2="1">
               <subfield code="a">Washington, DC :</subfield>
               <subfield code="b">Institute for International Economics,</subfield>
               <subfield code="c">1994.</subfield>
            </datafield>
            <datafield tag="300" ind1=" " ind2=" ">
               <subfield code="a">vi, 176 pages :</subfield>
               <subfield code="b">illustrations ;</subfield>
               <subfield code="c">23 cm</subfield>
            </datafield>
            <datafield tag="500" ind1=" " ind2=" ">
               <subfield code="a">Papers presented at a conference convened by the Austrian National Bank and the Institute for International Economics and held Oct. 18-19, 1993 in Vienna.</subfield>
            </datafield>
            <datafield tag="504" ind1=" " ind2=" ">
               <subfield code="a">Includes bibliographical references.</subfield>
            </datafield>
            <datafield tag="650" ind1=" " ind2="0">
               <subfield code="a">European federation</subfield>
               <subfield code="v">Congresses.</subfield>
            </datafield>
            <datafield tag="650" ind1=" " ind2="0">
               <subfield code="a">European communities</subfield>
               <subfield code="v">Congresses.</subfield>
            </datafield>
            <datafield tag="700" ind1="1" ind2=" ">
               <subfield code="a">Henning, C. Randall.</subfield>
            </datafield>
            <datafield tag="700" ind1="1" ind2=" ">
               <subfield code="a">Hochreiter, Eduard.</subfield>
            </datafield>
            <datafield tag="700" ind1="1" ind2=" ">
               <subfield code="a">Hufbauer, Gary Clyde.</subfield>
            </datafield>
            <datafield tag="999" ind1=" " ind2=" ">
               <subfield code="a">JN15.R44 1994</subfield>
               <subfield code="w">LC</subfield>
               <subfield code="c">1</subfield>
               <subfield code="i">000023371514</subfield>
               <subfield code="d">3/13/1995</subfield>
               <subfield code="e">12/11/1998</subfield>
               <subfield code="l">PATERNO-2</subfield>
               <subfield code="m">UP-PAT</subfield>
               <subfield code="n">5</subfield>
               <subfield code="r">Y</subfield>
               <subfield code="s">Y</subfield>
               <subfield code="t">BOOK</subfield>
               <subfield code="u">4/13/2001</subfield>
            </datafield>
      </record>
    </metadata>
  </record>