
   <record> 
    <header>
      <identifier>oai:cat.libraries.psu.edu:181590</identifier> 
      <datestamp>2022-12-16</datestamp>
      <setSpec>BOOK</setSpec> 
    </header>
    <metadata>
      <record xmlns="http://www.loc.gov/MARC21/slim" xsi:schemaLocation="http://www.loc.gov/MARC21/slim http://www.loc.gov/standards/marcxml/schema/MARC21slim.xsd" type="Bibliographic">
         <leader>     nam  22     Ia 4500</leader>
         <controlfield tag="008">810312n        gw            000 0 ger d</controlfield>
            <datafield tag="035" ind1=" " ind2=" ">
               <subfield code="a">LIAS143699</subfield>
            </datafield>
            <datafield tag="035" ind1=" " ind2=" ">
               <subfield code="a">(OCoLC)54200308</subfield>
            </datafield>
            <datafield tag="110" ind1="1" ind2=" ">
               <subfield code="a">Saxe-Weimar-Eisenach.</subfield>
               <subfield code="b">Bergwerks-Commission.</subfield>
            </datafield>
            <datafield tag="245" ind1="1" ind2="0">
               <subfield code="a">Erste[-siebente] Nachricht von dem Fortgang des neuen Bergbaues zu Ilmenau.</subfield>
            </datafield>
            <datafield tag="264" ind1=" " ind2="1">
               <subfield code="a">Weimar :</subfield>
               <subfield code="b">[publisher not identified],</subfield>
               <subfield code="c">Den 24. Februar 1785-20. Februar 1794.</subfield>
            </datafield>
            <datafield tag="300" ind1=" " ind2=" ">
               <subfield code="a">7 numbers in portfolio :</subfield>
               <subfield code="b">folded profile ;</subfield>
               <subfield code="c">19-20 cm</subfield>
            </datafield>
            <datafield tag="500" ind1=" " ind2=" ">
               <subfield code="a">Title varies slightly.</subfield>
            </datafield>
            <datafield tag="500" ind1=" " ind2=" ">
               <subfield code="a">Signed: Sr. Hochfürstl. Durchl. zu Sachsen-Weimar und Eisenach gnädigst verordnete Bergwerks-Commission. Johann Wolfgang von Göthe. Christian Gottlob Voigt.</subfield>
            </datafield>
            <datafield tag="650" ind1=" " ind2="0">
               <subfield code="a">Mines and mineral resources</subfield>
               <subfield code="z">Germany</subfield>
               <subfield code="z">Ilmenau.</subfield>
            </datafield>
            <datafield tag="700" ind1="1" ind2=" ">
               <subfield code="a">Goethe, Johann Wolfgang von,</subfield>
               <subfield code="d">1749-1832.</subfield>
            </datafield>
            <datafield tag="700" ind1="1" ind2=" ">
               <subfield code="a">Voigt, Christian Gottlob von,</subfield>
               <subfield code="d">1743-1819.</subfield>
            </datafield>
            <datafield tag="999" ind1=" " ind2=" ">
               <subfield code="a">TN73.9.S29 no.1-7</subfield>
               <subfield code="w">LC</subfield>
               <subfield code="c">1</subfield>
               <subfield code="i">000057310183</subfield>
               <subfield code="d">4/23/1993</subfield>
               <subfield code="l">RARE-BOOK</subfield>
               <subfield code="m">UP-SPECCOL</subfield>
               <subfield code="r">Y</subfield>
               <subfield code="s">Y</subfield>
               <subfield code="t">BOOK</subfield>
               <subfield code="u">4/12/2001</subfield>
            </datafield>
      </record>
    </metadata>
  </record>