
   <record> 
    <header>
      <identifier>oai:cat.libraries.psu.edu:1815903</identifier> 
      <datestamp>2022-12-16</datestamp>
      <setSpec>BOOK</setSpec> 
    </header>
    <metadata>
      <record xmlns="http://www.loc.gov/MARC21/slim" xsi:schemaLocation="http://www.loc.gov/MARC21/slim http://www.loc.gov/standards/marcxml/schema/MARC21slim.xsd" type="Bibliographic">
         <leader>     nam  22     1a 4500</leader>
         <controlfield tag="008">950313s1995    xxka     b    000 0ceng d</controlfield>
            <datafield tag="010" ind1=" " ind2=" ">
               <subfield code="a">   94009124</subfield>
            </datafield>
            <datafield tag="020" ind1=" " ind2=" ">
               <subfield code="a">041509979X :</subfield>
               <subfield code="c">$49.95</subfield>
            </datafield>
            <datafield tag="020" ind1=" " ind2=" ">
               <subfield code="a">0415099803 (pbk.) :</subfield>
               <subfield code="c">$16.95</subfield>
            </datafield>
            <datafield tag="035" ind1=" " ind2=" ">
               <subfield code="a">LIAS1830479</subfield>
            </datafield>
            <datafield tag="035" ind1=" " ind2=" ">
               <subfield code="a">(OCoLC)30112605</subfield>
            </datafield>
            <datafield tag="050" ind1="0" ind2="0">
               <subfield code="a">BF109.AI</subfield>
               <subfield code="b">S48 1995</subfield>
            </datafield>
            <datafield tag="245" ind1="0" ind2="0">
               <subfield code="a">Seven pioneers of psychology :</subfield>
               <subfield code="b">behaviour and mind /</subfield>
               <subfield code="c">edited by Ray Fuller.</subfield>
            </datafield>
            <datafield tag="264" ind1=" " ind2="1">
               <subfield code="a">London ;</subfield>
               <subfield code="a">New York :</subfield>
               <subfield code="b">Routledge,</subfield>
               <subfield code="c">1995.</subfield>
            </datafield>
            <datafield tag="300" ind1=" " ind2=" ">
               <subfield code="a">xiii, 162 pages :</subfield>
               <subfield code="b">illustrations ;</subfield>
               <subfield code="c">22 cm</subfield>
            </datafield>
            <datafield tag="504" ind1=" " ind2=" ">
               <subfield code="a">Includes bibliographical references and index.</subfield>
            </datafield>
            <datafield tag="505" ind1="0" ind2=" ">
               <subfield code="a">Francis Galton (1822-1911) / Derek W. Forrest -- William James (1842-1910) / Jerome L. Singer -- Sigmund Freud (1856-1939) / Anthony Storr -- Konrad Lorenz (1903-89) and Nikolaas Tinbergen (1907-88) / Robert A. Hinde -- B.F. Skinner (1904-90) / Derek E, Blackman -- Jean Piaget (1896-1980) / Peter E. Bryant.</subfield>
            </datafield>
            <datafield tag="650" ind1=" " ind2="0">
               <subfield code="a">Behavioral scientists</subfield>
               <subfield code="v">Biography.</subfield>
            </datafield>
            <datafield tag="650" ind1=" " ind2="0">
               <subfield code="a">Psychology</subfield>
               <subfield code="x">History.</subfield>
            </datafield>
            <datafield tag="700" ind1="1" ind2=" ">
               <subfield code="a">Fuller, Ray,</subfield>
               <subfield code="d">1943-</subfield>
            </datafield>
            <datafield tag="999" ind1=" " ind2=" ">
               <subfield code="a">BF109.A1S48 1995</subfield>
               <subfield code="w">LC</subfield>
               <subfield code="c">1</subfield>
               <subfield code="i">000023500853</subfield>
               <subfield code="d">5/26/2019</subfield>
               <subfield code="e">7/18/2018</subfield>
               <subfield code="l">PATERNO-2</subfield>
               <subfield code="m">UP-PAT</subfield>
               <subfield code="n">40</subfield>
               <subfield code="p">$49.95</subfield>
               <subfield code="r">Y</subfield>
               <subfield code="s">Y</subfield>
               <subfield code="t">BOOK</subfield>
               <subfield code="u">4/13/2001</subfield>
            </datafield>
      </record>
    </metadata>
  </record>