
   <record> 
    <header>
      <identifier>oai:cat.libraries.psu.edu:1815907</identifier> 
      <datestamp>2022-12-16</datestamp>
      <setSpec>BOOK</setSpec> 
    </header>
    <metadata>
      <record xmlns="http://www.loc.gov/MARC21/slim" xsi:schemaLocation="http://www.loc.gov/MARC21/slim http://www.loc.gov/standards/marcxml/schema/MARC21slim.xsd" type="Bibliographic">
         <leader>     nam  22      a 4500</leader>
         <controlfield tag="008">930224t19921992xx            000 0 ger d</controlfield>
            <datafield tag="020" ind1=" " ind2=" ">
               <subfield code="a">3422060952</subfield>
            </datafield>
            <datafield tag="035" ind1=" " ind2=" ">
               <subfield code="a">LIAS1674838</subfield>
            </datafield>
            <datafield tag="035" ind1=" " ind2=" ">
               <subfield code="a">(CStRLIN)CJPA92-B25192</subfield>
            </datafield>
            <datafield tag="035" ind1=" " ind2=" ">
               <subfield code="a">(OCoLC)28297273</subfield>
            </datafield>
            <datafield tag="100" ind1="1" ind2=" ">
               <subfield code="a">Gaehtgens, Thomas W.,</subfield>
               <subfield code="d">1940-</subfield>
            </datafield>
            <datafield tag="245" ind1="1" ind2="4">
               <subfield code="a">Die Berliner Museumsinsel im Deutschen Kaiserreich, zur Kulturpolitik der Museen in der wilhelminischen Epoche /</subfield>
               <subfield code="c">Thomas W. Gaehtgens.</subfield>
            </datafield>
            <datafield tag="264" ind1=" " ind2="1">
               <subfield code="a">München :</subfield>
               <subfield code="b">Deutscher Kunstverlag,</subfield>
               <subfield code="c">[1992]</subfield>
            </datafield>
            <datafield tag="264" ind1=" " ind2="4">
               <subfield code="c">©1992</subfield>
            </datafield>
            <datafield tag="300" ind1=" " ind2=" ">
               <subfield code="a">143 pages :</subfield>
               <subfield code="b">illustrations ;</subfield>
               <subfield code="c">21 cm</subfield>
            </datafield>
            <datafield tag="504" ind1=" " ind2=" ">
               <subfield code="a">Includes bibliographical references and index.</subfield>
            </datafield>
            <datafield tag="650" ind1=" " ind2="0">
               <subfield code="a">Museums</subfield>
               <subfield code="z">Germany</subfield>
               <subfield code="z">Berlin.</subfield>
            </datafield>
            <datafield tag="651" ind1=" " ind2="0">
               <subfield code="a">Berlin (Germany)</subfield>
               <subfield code="x">Buildings, structures, etc.</subfield>
            </datafield>
            <datafield tag="999" ind1=" " ind2=" ">
               <subfield code="a">NA6700.B47G34 1992</subfield>
               <subfield code="w">LC</subfield>
               <subfield code="c">1</subfield>
               <subfield code="i">000020668792</subfield>
               <subfield code="d">2/26/1993</subfield>
               <subfield code="e">3/30/1993</subfield>
               <subfield code="l">PATTEE-2</subfield>
               <subfield code="m">UP-PAT</subfield>
               <subfield code="r">Y</subfield>
               <subfield code="s">Y</subfield>
               <subfield code="t">BOOK</subfield>
               <subfield code="u">4/13/2001</subfield>
            </datafield>
      </record>
    </metadata>
  </record>