
   <record> 
    <header>
      <identifier>oai:cat.libraries.psu.edu:181591</identifier> 
      <datestamp>2022-12-16</datestamp>
      <setSpec>SERIAL</setSpec> 
    </header>
    <metadata>
      <record xmlns="http://www.loc.gov/MARC21/slim" xsi:schemaLocation="http://www.loc.gov/MARC21/slim http://www.loc.gov/standards/marcxml/schema/MARC21slim.xsd" type="Bibliographic">
         <leader>     nam  22     Ma 4500</leader>
         <controlfield tag="008">820503 19491980ne uu         0    0eng d</controlfield>
            <datafield tag="035" ind1=" " ind2=" ">
               <subfield code="a">LIAS201504</subfield>
            </datafield>
            <datafield tag="035" ind1=" " ind2=" ">
               <subfield code="a">(OCoLC)1779150</subfield>
            </datafield>
            <datafield tag="245" ind1="0" ind2="0">
               <subfield code="a">General embryological information service.</subfield>
            </datafield>
            <datafield tag="264" ind1=" " ind2="1">
               <subfield code="a">Utrecht :</subfield>
               <subfield code="b">[publisher not identified].</subfield>
            </datafield>
            <datafield tag="362" ind1="0" ind2=" ">
               <subfield code="a">1st-18th issue ; 1949 - 1980.</subfield>
            </datafield>
            <datafield tag="525" ind1=" " ind2=" ">
               <subfield code="a">Some issued accompanied by supplements.</subfield>
            </datafield>
            <datafield tag="650" ind1=" " ind2="0">
               <subfield code="a">Embryology</subfield>
               <subfield code="x">Societies, etc.</subfield>
            </datafield>
            <datafield tag="710" ind1="2" ind2=" ">
               <subfield code="a">Hubrecht-Laboratorium (Embryologisch Instituut)</subfield>
            </datafield>
            <datafield tag="710" ind1="2" ind2=" ">
               <subfield code="a">International Institute of Embryology.</subfield>
            </datafield>
            <datafield tag="999" ind1=" " ind2=" ">
               <subfield code="a">QL951.G45 18th pt.2 1980</subfield>
               <subfield code="w">LCPER</subfield>
               <subfield code="c">1</subfield>
               <subfield code="i">000006012731</subfield>
               <subfield code="d">5/3/1982</subfield>
               <subfield code="e">5/19/1981</subfield>
               <subfield code="l">PATERNO-4</subfield>
               <subfield code="m">UP-PAT</subfield>
               <subfield code="r">Y</subfield>
               <subfield code="s">Y</subfield>
               <subfield code="t">SERIAL</subfield>
               <subfield code="u">4/12/2001</subfield>
            </datafield>
            <datafield tag="999" ind1=" " ind2=" ">
               <subfield code="a">QL951.G45 17th pt.2 1978</subfield>
               <subfield code="w">LCPER</subfield>
               <subfield code="c">1</subfield>
               <subfield code="i">000001392340</subfield>
               <subfield code="d">5/3/1982</subfield>
               <subfield code="e">4/17/1979</subfield>
               <subfield code="l">PATERNO-4</subfield>
               <subfield code="m">UP-PAT</subfield>
               <subfield code="r">Y</subfield>
               <subfield code="s">Y</subfield>
               <subfield code="t">SERIAL</subfield>
               <subfield code="u">4/12/2001</subfield>
            </datafield>
            <datafield tag="999" ind1=" " ind2=" ">
               <subfield code="a">QL951.G45 18th pt.1 1979</subfield>
               <subfield code="w">LCPER</subfield>
               <subfield code="c">1</subfield>
               <subfield code="i">000004564324</subfield>
               <subfield code="d">5/3/1982</subfield>
               <subfield code="e">3/6/1980</subfield>
               <subfield code="l">PATERNO-4</subfield>
               <subfield code="m">UP-PAT</subfield>
               <subfield code="r">Y</subfield>
               <subfield code="s">Y</subfield>
               <subfield code="t">SERIAL</subfield>
               <subfield code="u">4/12/2001</subfield>
            </datafield>
            <datafield tag="999" ind1=" " ind2=" ">
               <subfield code="a">QL951.G45 1st 1949</subfield>
               <subfield code="w">LCPER</subfield>
               <subfield code="c">1</subfield>
               <subfield code="i">000073701767</subfield>
               <subfield code="l">PATERNO-4</subfield>
               <subfield code="m">UP-PAT</subfield>
               <subfield code="r">Y</subfield>
               <subfield code="s">Y</subfield>
               <subfield code="t">SERIAL</subfield>
               <subfield code="u">1/21/2013</subfield>
            </datafield>
            <datafield tag="999" ind1=" " ind2=" ">
               <subfield code="a">QL951.G45 3rd 1951</subfield>
               <subfield code="w">LCPER</subfield>
               <subfield code="c">1</subfield>
               <subfield code="i">000073701750</subfield>
               <subfield code="l">PATERNO-4</subfield>
               <subfield code="m">UP-PAT</subfield>
               <subfield code="r">Y</subfield>
               <subfield code="s">Y</subfield>
               <subfield code="t">SERIAL</subfield>
               <subfield code="u">1/21/2013</subfield>
            </datafield>
            <datafield tag="999" ind1=" " ind2=" ">
               <subfield code="a">QL951.G45 4th 1952</subfield>
               <subfield code="w">LCPER</subfield>
               <subfield code="c">1</subfield>
               <subfield code="i">000073701743</subfield>
               <subfield code="l">PATERNO-4</subfield>
               <subfield code="m">UP-PAT</subfield>
               <subfield code="r">Y</subfield>
               <subfield code="s">Y</subfield>
               <subfield code="t">SERIAL</subfield>
               <subfield code="u">1/21/2013</subfield>
            </datafield>
            <datafield tag="999" ind1=" " ind2=" ">
               <subfield code="a">QL951.G45 5th 1954 &amp; suppl.</subfield>
               <subfield code="w">LCPER</subfield>
               <subfield code="c">1</subfield>
               <subfield code="i">000073701736</subfield>
               <subfield code="l">PATERNO-4</subfield>
               <subfield code="m">UP-PAT</subfield>
               <subfield code="r">Y</subfield>
               <subfield code="s">Y</subfield>
               <subfield code="t">SERIAL</subfield>
               <subfield code="u">1/21/2013</subfield>
            </datafield>
            <datafield tag="999" ind1=" " ind2=" ">
               <subfield code="a">QL951.G45 6th 1955/56 &amp; suppl.</subfield>
               <subfield code="w">LCPER</subfield>
               <subfield code="c">1</subfield>
               <subfield code="i">000073701729</subfield>
               <subfield code="l">PATERNO-4</subfield>
               <subfield code="m">UP-PAT</subfield>
               <subfield code="r">Y</subfield>
               <subfield code="s">Y</subfield>
               <subfield code="t">SERIAL</subfield>
               <subfield code="u">1/21/2013</subfield>
            </datafield>
            <datafield tag="999" ind1=" " ind2=" ">
               <subfield code="a">QL951.G45 7th 1957/58 &amp; suppl.</subfield>
               <subfield code="w">LCPER</subfield>
               <subfield code="c">1</subfield>
               <subfield code="i">000073701712</subfield>
               <subfield code="l">PATERNO-4</subfield>
               <subfield code="m">UP-PAT</subfield>
               <subfield code="r">Y</subfield>
               <subfield code="s">Y</subfield>
               <subfield code="t">SERIAL</subfield>
               <subfield code="u">1/21/2013</subfield>
            </datafield>
            <datafield tag="999" ind1=" " ind2=" ">
               <subfield code="a">QL951.G45 8th 1959/60 &amp; suppl.</subfield>
               <subfield code="w">LCPER</subfield>
               <subfield code="c">1</subfield>
               <subfield code="i">000073701705</subfield>
               <subfield code="l">PATERNO-4</subfield>
               <subfield code="m">UP-PAT</subfield>
               <subfield code="r">Y</subfield>
               <subfield code="s">Y</subfield>
               <subfield code="t">SERIAL</subfield>
               <subfield code="u">1/21/2013</subfield>
            </datafield>
            <datafield tag="999" ind1=" " ind2=" ">
               <subfield code="a">QL951.G45 9th 1961</subfield>
               <subfield code="w">LCPER</subfield>
               <subfield code="c">1</subfield>
               <subfield code="i">000073701699</subfield>
               <subfield code="l">PATERNO-4</subfield>
               <subfield code="m">UP-PAT</subfield>
               <subfield code="r">Y</subfield>
               <subfield code="s">Y</subfield>
               <subfield code="t">SERIAL</subfield>
               <subfield code="u">1/21/2013</subfield>
            </datafield>
            <datafield tag="999" ind1=" " ind2=" ">
               <subfield code="a">QL951.G45 10th 1963</subfield>
               <subfield code="w">LCPER</subfield>
               <subfield code="c">1</subfield>
               <subfield code="i">000073701682</subfield>
               <subfield code="l">PATERNO-4</subfield>
               <subfield code="m">UP-PAT</subfield>
               <subfield code="r">Y</subfield>
               <subfield code="s">Y</subfield>
               <subfield code="t">SERIAL</subfield>
               <subfield code="u">1/21/2013</subfield>
            </datafield>
            <datafield tag="999" ind1=" " ind2=" ">
               <subfield code="a">QL951.G45 11th 1965 &amp; 1966 suppl.</subfield>
               <subfield code="w">LCPER</subfield>
               <subfield code="c">1</subfield>
               <subfield code="i">000073701774</subfield>
               <subfield code="l">PATERNO-4</subfield>
               <subfield code="m">UP-PAT</subfield>
               <subfield code="r">Y</subfield>
               <subfield code="s">Y</subfield>
               <subfield code="t">SERIAL</subfield>
               <subfield code="u">1/21/2013</subfield>
            </datafield>
            <datafield tag="999" ind1=" " ind2=" ">
               <subfield code="a">QL951.G45 12th 1967</subfield>
               <subfield code="w">LCPER</subfield>
               <subfield code="c">1</subfield>
               <subfield code="i">000073701781</subfield>
               <subfield code="l">PATERNO-4</subfield>
               <subfield code="m">UP-PAT</subfield>
               <subfield code="r">Y</subfield>
               <subfield code="s">Y</subfield>
               <subfield code="t">SERIAL</subfield>
               <subfield code="u">1/21/2013</subfield>
            </datafield>
            <datafield tag="999" ind1=" " ind2=" ">
               <subfield code="a">QL951.G45 12th 1968 suppl.</subfield>
               <subfield code="w">LCPER</subfield>
               <subfield code="c">1</subfield>
               <subfield code="i">000073701798</subfield>
               <subfield code="l">PATERNO-4</subfield>
               <subfield code="m">UP-PAT</subfield>
               <subfield code="r">Y</subfield>
               <subfield code="s">Y</subfield>
               <subfield code="t">SERIAL</subfield>
               <subfield code="u">1/21/2013</subfield>
            </datafield>
            <datafield tag="999" ind1=" " ind2=" ">
               <subfield code="a">QL951.G45 13th 1969</subfield>
               <subfield code="w">LCPER</subfield>
               <subfield code="c">1</subfield>
               <subfield code="i">000073701804</subfield>
               <subfield code="l">PATERNO-4</subfield>
               <subfield code="m">UP-PAT</subfield>
               <subfield code="r">Y</subfield>
               <subfield code="s">Y</subfield>
               <subfield code="t">SERIAL</subfield>
               <subfield code="u">1/21/2013</subfield>
            </datafield>
            <datafield tag="999" ind1=" " ind2=" ">
               <subfield code="a">QL951.G45 13th 1970 suppl.</subfield>
               <subfield code="w">LCPER</subfield>
               <subfield code="c">1</subfield>
               <subfield code="i">000073701811</subfield>
               <subfield code="l">PATERNO-4</subfield>
               <subfield code="m">UP-PAT</subfield>
               <subfield code="r">Y</subfield>
               <subfield code="s">Y</subfield>
               <subfield code="t">SERIAL</subfield>
               <subfield code="u">1/21/2013</subfield>
            </datafield>
            <datafield tag="999" ind1=" " ind2=" ">
               <subfield code="a">QL951.G45 14th 1971</subfield>
               <subfield code="w">LCPER</subfield>
               <subfield code="c">1</subfield>
               <subfield code="i">000073701828</subfield>
               <subfield code="l">PATERNO-4</subfield>
               <subfield code="m">UP-PAT</subfield>
               <subfield code="r">Y</subfield>
               <subfield code="s">Y</subfield>
               <subfield code="t">SERIAL</subfield>
               <subfield code="u">1/21/2013</subfield>
            </datafield>
            <datafield tag="999" ind1=" " ind2=" ">
               <subfield code="a">QL951.G45 14th 1971 suppl.</subfield>
               <subfield code="w">LCPER</subfield>
               <subfield code="c">1</subfield>
               <subfield code="i">000073701835</subfield>
               <subfield code="l">PATERNO-4</subfield>
               <subfield code="m">UP-PAT</subfield>
               <subfield code="r">Y</subfield>
               <subfield code="s">Y</subfield>
               <subfield code="t">SERIAL</subfield>
               <subfield code="u">1/21/2013</subfield>
            </datafield>
            <datafield tag="999" ind1=" " ind2=" ">
               <subfield code="a">QL951.G45 15th pt.1 1973</subfield>
               <subfield code="w">LCPER</subfield>
               <subfield code="c">1</subfield>
               <subfield code="i">000073701842</subfield>
               <subfield code="l">PATERNO-4</subfield>
               <subfield code="m">UP-PAT</subfield>
               <subfield code="r">Y</subfield>
               <subfield code="s">Y</subfield>
               <subfield code="t">SERIAL</subfield>
               <subfield code="u">1/21/2013</subfield>
            </datafield>
            <datafield tag="999" ind1=" " ind2=" ">
               <subfield code="a">QL951.G45 15th pt.2 1974</subfield>
               <subfield code="w">LCPER</subfield>
               <subfield code="c">1</subfield>
               <subfield code="i">000073701859</subfield>
               <subfield code="l">PATERNO-4</subfield>
               <subfield code="m">UP-PAT</subfield>
               <subfield code="r">Y</subfield>
               <subfield code="s">Y</subfield>
               <subfield code="t">SERIAL</subfield>
               <subfield code="u">1/21/2013</subfield>
            </datafield>
            <datafield tag="999" ind1=" " ind2=" ">
               <subfield code="a">QL951.G45 16th pt.1 1975</subfield>
               <subfield code="w">LCPER</subfield>
               <subfield code="c">1</subfield>
               <subfield code="i">000073701941</subfield>
               <subfield code="l">PATERNO-4</subfield>
               <subfield code="m">UP-PAT</subfield>
               <subfield code="r">Y</subfield>
               <subfield code="s">Y</subfield>
               <subfield code="t">SERIAL</subfield>
               <subfield code="u">1/21/2013</subfield>
            </datafield>
            <datafield tag="999" ind1=" " ind2=" ">
               <subfield code="a">QL951.G45 16th pt.2 1976</subfield>
               <subfield code="w">LCPER</subfield>
               <subfield code="c">1</subfield>
               <subfield code="i">000073701934</subfield>
               <subfield code="l">PATERNO-4</subfield>
               <subfield code="m">UP-PAT</subfield>
               <subfield code="r">Y</subfield>
               <subfield code="s">Y</subfield>
               <subfield code="t">SERIAL</subfield>
               <subfield code="u">1/21/2013</subfield>
            </datafield>
            <datafield tag="999" ind1=" " ind2=" ">
               <subfield code="a">QL951.G45 17th pt.1 1977</subfield>
               <subfield code="w">LCPER</subfield>
               <subfield code="c">1</subfield>
               <subfield code="i">000073701927</subfield>
               <subfield code="l">PATERNO-4</subfield>
               <subfield code="m">UP-PAT</subfield>
               <subfield code="r">Y</subfield>
               <subfield code="s">Y</subfield>
               <subfield code="t">SERIAL</subfield>
               <subfield code="u">1/21/2013</subfield>
            </datafield>
      </record>
    </metadata>
  </record>