
   <record> 
    <header>
      <identifier>oai:cat.libraries.psu.edu:1815910</identifier> 
      <datestamp>2022-12-16</datestamp>
      <setSpec>BOOK</setSpec> 
    </header>
    <metadata>
      <record xmlns="http://www.loc.gov/MARC21/slim" xsi:schemaLocation="http://www.loc.gov/MARC21/slim http://www.loc.gov/standards/marcxml/schema/MARC21slim.xsd" type="Bibliographic">
         <leader>     nam  22      a 4500</leader>
         <controlfield tag="008">930224t19921992xx            000 0 ger d</controlfield>
            <datafield tag="020" ind1=" " ind2=" ">
               <subfield code="a">3455053319</subfield>
            </datafield>
            <datafield tag="035" ind1=" " ind2=" ">
               <subfield code="a">LIAS1674839</subfield>
            </datafield>
            <datafield tag="035" ind1=" " ind2=" ">
               <subfield code="a">(OCoLC)27102943</subfield>
            </datafield>
            <datafield tag="050" ind1="1" ind2="4">
               <subfield code="a">PT2673.O697</subfield>
               <subfield code="b">W4 1992</subfield>
            </datafield>
            <datafield tag="100" ind1="1" ind2=" ">
               <subfield code="a">Mosebach, Martin,</subfield>
               <subfield code="d">1951-</subfield>
            </datafield>
            <datafield tag="245" ind1="1" ind2="0">
               <subfield code="a">Westend :</subfield>
               <subfield code="b">Roman /</subfield>
               <subfield code="c">Martin Mosebach.</subfield>
            </datafield>
            <datafield tag="264" ind1=" " ind2="1">
               <subfield code="a">Hamburg :</subfield>
               <subfield code="b">Hoffmann und Campe,</subfield>
               <subfield code="c">[1992]</subfield>
            </datafield>
            <datafield tag="264" ind1=" " ind2="4">
               <subfield code="c">©1992</subfield>
            </datafield>
            <datafield tag="300" ind1=" " ind2=" ">
               <subfield code="a">819 pages ;</subfield>
               <subfield code="c">23 cm</subfield>
            </datafield>
            <datafield tag="999" ind1=" " ind2=" ">
               <subfield code="a">PT2673.O7W47 1992</subfield>
               <subfield code="w">LC</subfield>
               <subfield code="c">1</subfield>
               <subfield code="i">000020417383</subfield>
               <subfield code="d">2/26/1993</subfield>
               <subfield code="e">3/30/1993</subfield>
               <subfield code="l">PATTEE-3</subfield>
               <subfield code="m">UP-PAT</subfield>
               <subfield code="r">Y</subfield>
               <subfield code="s">Y</subfield>
               <subfield code="t">BOOK</subfield>
               <subfield code="u">4/13/2001</subfield>
            </datafield>
      </record>
    </metadata>
  </record>