
   <record> 
    <header>
      <identifier>oai:cat.libraries.psu.edu:1815913</identifier> 
      <datestamp>2022-12-16</datestamp>
      <setSpec>BOOK</setSpec> 
    </header>
    <metadata>
      <record xmlns="http://www.loc.gov/MARC21/slim" xsi:schemaLocation="http://www.loc.gov/MARC21/slim http://www.loc.gov/standards/marcxml/schema/MARC21slim.xsd" type="Bibliographic">
         <leader>     nam  22      a 4500</leader>
         <controlfield tag="008">930224s1992    xxu           000 0ceng d</controlfield>
            <datafield tag="020" ind1=" " ind2=" ">
               <subfield code="a">1855851350</subfield>
            </datafield>
            <datafield tag="020" ind1=" " ind2=" ">
               <subfield code="a">1855851415 (pbk.)</subfield>
            </datafield>
            <datafield tag="035" ind1=" " ind2=" ">
               <subfield code="a">LIAS1674840</subfield>
            </datafield>
            <datafield tag="035" ind1=" " ind2=" ">
               <subfield code="a">(OCoLC)59890170</subfield>
            </datafield>
            <datafield tag="245" ind1="0" ind2="4">
               <subfield code="a">The Brontës at Haworth :</subfield>
               <subfield code="b">the world within : a life in letters, diaries, and writings /</subfield>
               <subfield code="c">Juliet Gardiner.</subfield>
            </datafield>
            <datafield tag="264" ind1=" " ind2="1">
               <subfield code="a">London :</subfield>
               <subfield code="b">Collins &amp; Brown,</subfield>
               <subfield code="c">1992.</subfield>
            </datafield>
            <datafield tag="300" ind1=" " ind2=" ">
               <subfield code="a">160 pages :</subfield>
               <subfield code="b">illustrations (some color) ;</subfield>
               <subfield code="c">20 x 26 cm</subfield>
            </datafield>
            <datafield tag="600" ind1="1" ind2="0">
               <subfield code="a">Brontë, Charlotte,</subfield>
               <subfield code="d">1816-1855</subfield>
               <subfield code="x">Homes and haunts</subfield>
               <subfield code="z">England</subfield>
               <subfield code="z">Haworth.</subfield>
            </datafield>
            <datafield tag="600" ind1="1" ind2="0">
               <subfield code="a">Brontë, Anne,</subfield>
               <subfield code="d">1820-1849</subfield>
               <subfield code="x">Homes and haunts</subfield>
               <subfield code="z">England</subfield>
               <subfield code="z">Haworth.</subfield>
            </datafield>
            <datafield tag="600" ind1="1" ind2="0">
               <subfield code="a">Brontë, Emily,</subfield>
               <subfield code="d">1818-1848</subfield>
               <subfield code="x">Homes and haunts</subfield>
               <subfield code="z">England</subfield>
               <subfield code="z">Haworth.</subfield>
            </datafield>
            <datafield tag="650" ind1=" " ind2="0">
               <subfield code="a">Authors, English</subfield>
               <subfield code="y">19th century</subfield>
               <subfield code="v">Biography.</subfield>
            </datafield>
            <datafield tag="650" ind1=" " ind2="0">
               <subfield code="a">Literary landmarks</subfield>
               <subfield code="z">England</subfield>
               <subfield code="z">Haworth.</subfield>
            </datafield>
            <datafield tag="651" ind1=" " ind2="0">
               <subfield code="a">Haworth (England)</subfield>
               <subfield code="v">Biography.</subfield>
            </datafield>
            <datafield tag="651" ind1=" " ind2="0">
               <subfield code="a">Haworth (England)</subfield>
               <subfield code="x">In literature.</subfield>
            </datafield>
            <datafield tag="700" ind1="1" ind2=" ">
               <subfield code="a">Brontë, Charlotte,</subfield>
               <subfield code="d">1816-1855.</subfield>
            </datafield>
            <datafield tag="700" ind1="1" ind2=" ">
               <subfield code="a">Brontë, Emily,</subfield>
               <subfield code="d">1818-1848.</subfield>
            </datafield>
            <datafield tag="700" ind1="1" ind2=" ">
               <subfield code="a">Brontë, Anne,</subfield>
               <subfield code="d">1820-1849.</subfield>
            </datafield>
            <datafield tag="700" ind1="1" ind2=" ">
               <subfield code="a">Gardiner, Juliet,</subfield>
               <subfield code="d">1945-</subfield>
            </datafield>
            <datafield tag="740" ind1="0" ind2=" ">
               <subfield code="a">World within, the Brontës at Haworth.</subfield>
            </datafield>
            <datafield tag="999" ind1=" " ind2=" ">
               <subfield code="a">PR4168.B77 1992</subfield>
               <subfield code="w">LC</subfield>
               <subfield code="c">1</subfield>
               <subfield code="i">000020427092</subfield>
               <subfield code="d">5/12/2017</subfield>
               <subfield code="e">4/11/2017</subfield>
               <subfield code="l">PATTEE-3</subfield>
               <subfield code="m">UP-PAT</subfield>
               <subfield code="n">11</subfield>
               <subfield code="r">Y</subfield>
               <subfield code="s">Y</subfield>
               <subfield code="t">BOOK</subfield>
               <subfield code="u">4/13/2001</subfield>
               <subfield code="o">.STAFF. Digitized Copy Instructions: Do not delete or replace the barcode in this item record. It links to the digitized copy of this volume. If WITHDRAWING the volume or REPLACING a barcode, update the item record to reflect an ONLINE resource. Add a new barcode by adding a second item record. See Access Services Training Bulletin no. 25 for full instructions.</subfield>
            </datafield>
      </record>
    </metadata>
  </record>