
   <record> 
    <header>
      <identifier>oai:cat.libraries.psu.edu:1815914</identifier> 
      <datestamp>2022-12-16</datestamp>
      <setSpec>JUVENILEBK</setSpec> 
    </header>
    <metadata>
      <record xmlns="http://www.loc.gov/MARC21/slim" xsi:schemaLocation="http://www.loc.gov/MARC21/slim http://www.loc.gov/standards/marcxml/schema/MARC21slim.xsd" type="Bibliographic">
         <leader>     nam  22     8a 4500</leader>
         <controlfield tag="008">970306t19851985xxua   j      000 0 eng d</controlfield>
            <datafield tag="010" ind1=" " ind2=" ">
               <subfield code="a">   84002573</subfield>
            </datafield>
            <datafield tag="020" ind1=" " ind2=" ">
               <subfield code="a">0816701423 (lib. bdg.) :</subfield>
               <subfield code="c">$7.95 (est.)</subfield>
            </datafield>
            <datafield tag="020" ind1=" " ind2=" ">
               <subfield code="a">0816701431 (pbk.) :</subfield>
               <subfield code="c">$1.95 (est.)</subfield>
            </datafield>
            <datafield tag="035" ind1=" " ind2=" ">
               <subfield code="a">LIAS1987426</subfield>
            </datafield>
            <datafield tag="035" ind1=" " ind2=" ">
               <subfield code="a">(OCoLC)10724237</subfield>
            </datafield>
            <datafield tag="050" ind1="0" ind2="0">
               <subfield code="a">GB601.2</subfield>
               <subfield code="b">.B7 1985</subfield>
            </datafield>
            <datafield tag="100" ind1="1" ind2=" ">
               <subfield code="a">Brandt, Keith,</subfield>
               <subfield code="d">1949-</subfield>
            </datafield>
            <datafield tag="245" ind1="1" ind2="0">
               <subfield code="a">Caves /</subfield>
               <subfield code="c">by Keith Brandt ; illustrated by Rex Schneider.</subfield>
            </datafield>
            <datafield tag="264" ind1=" " ind2="1">
               <subfield code="a">Mahwah, N.J. :</subfield>
               <subfield code="b">Troll Associates,</subfield>
               <subfield code="c">[1985]</subfield>
            </datafield>
            <datafield tag="264" ind1=" " ind2="4">
               <subfield code="c">©1985</subfield>
            </datafield>
            <datafield tag="300" ind1=" " ind2=" ">
               <subfield code="a">30 pages :</subfield>
               <subfield code="b">color illustrations ;</subfield>
               <subfield code="c">24 cm</subfield>
            </datafield>
            <datafield tag="520" ind1=" " ind2=" ">
               <subfield code="a">Describes how caves are formed and the kinds of things one might find inside.</subfield>
            </datafield>
            <datafield tag="583" ind1=" " ind2="1">
               <subfield code="a">committed to retain</subfield>
               <subfield code="c">20170930</subfield>
               <subfield code="d">20430101</subfield>
               <subfield code="f">HathiTrust</subfield>
               <subfield code="u">https://www.hathitrust.org/shared_print_program</subfield>
               <subfield code="5">PSt</subfield>
            </datafield>
            <datafield tag="650" ind1=" " ind2="0">
               <subfield code="a">Caves</subfield>
               <subfield code="v">Juvenile literature.</subfield>
            </datafield>
            <datafield tag="650" ind1=" " ind2="1">
               <subfield code="a">Caves.</subfield>
            </datafield>
            <datafield tag="700" ind1="1" ind2=" ">
               <subfield code="a">Schneider, Rex,</subfield>
               <subfield code="e">illustrator.</subfield>
            </datafield>
            <datafield tag="999" ind1=" " ind2=" ">
               <subfield code="a">GB601.2.B7 1985</subfield>
               <subfield code="w">LC</subfield>
               <subfield code="c">1</subfield>
               <subfield code="i">000022235077</subfield>
               <subfield code="d">3/2/2015</subfield>
               <subfield code="e">2/4/2015</subfield>
               <subfield code="l">JUVENIL-ED</subfield>
               <subfield code="m">UP-PAT</subfield>
               <subfield code="n">8</subfield>
               <subfield code="r">Y</subfield>
               <subfield code="s">Y</subfield>
               <subfield code="t">JUVENILEBK</subfield>
               <subfield code="u">4/13/2001</subfield>
               <subfield code="o">.STAFF. Digitized Copy Instructions: Do not delete or replace the barcode in this item record. It links to the digitized copy of this volume. If WITHDRAWING the volume or REPLACING a barcode, update the item record to reflect an ONLINE resource. Add a new barcode by adding a second item record. See Access Services Training Bulletin no. 25 for full instructions.</subfield>
               <subfield code="o">.STAFF. This item is part of PSUL's commitment to the HathiTrust Shared Print Program. At least one physical copy must be retained in PSUL's holdings until January 1st, 2043.</subfield>
            </datafield>
      </record>
    </metadata>
  </record>