
   <record> 
    <header>
      <identifier>oai:cat.libraries.psu.edu:1815915</identifier> 
      <datestamp>2022-12-16</datestamp>
      <setSpec>BOOK</setSpec> 
    </header>
    <metadata>
      <record xmlns="http://www.loc.gov/MARC21/slim" xsi:schemaLocation="http://www.loc.gov/MARC21/slim http://www.loc.gov/standards/marcxml/schema/MARC21slim.xsd" type="Bibliographic">
         <leader>     nam  22     1a 4500</leader>
         <controlfield tag="008">981207s1998    xxu      b    000 0 eng d</controlfield>
            <datafield tag="010" ind1=" " ind2=" ">
               <subfield code="a">   98041257</subfield>
            </datafield>
            <datafield tag="020" ind1=" " ind2=" ">
               <subfield code="a">0815332807 (alk. paper)</subfield>
            </datafield>
            <datafield tag="035" ind1=" " ind2=" ">
               <subfield code="a">LIAS2244922</subfield>
            </datafield>
            <datafield tag="035" ind1=" " ind2=" ">
               <subfield code="a">(OCoLC)39756322</subfield>
            </datafield>
            <datafield tag="050" ind1="0" ind2="0">
               <subfield code="a">F89.N2</subfield>
               <subfield code="b">F58 1998</subfield>
            </datafield>
            <datafield tag="100" ind1="1" ind2=" ">
               <subfield code="a">Fitts, Robert K.,</subfield>
               <subfield code="d">1965-</subfield>
            </datafield>
            <datafield tag="245" ind1="1" ind2="0">
               <subfield code="a">Inventing New England's slave paradise :</subfield>
               <subfield code="b">master/slave relations in eighteenth-century Narragansett, Rhode Island /</subfield>
               <subfield code="c">Robert K. Fitts.</subfield>
            </datafield>
            <datafield tag="264" ind1=" " ind2="1">
               <subfield code="a">New York :</subfield>
               <subfield code="b">Garland Pub.,</subfield>
               <subfield code="c">1998.</subfield>
            </datafield>
            <datafield tag="300" ind1=" " ind2=" ">
               <subfield code="a">xvi, 274 pages :</subfield>
               <subfield code="b">illustrations, maps ;</subfield>
               <subfield code="c">23 cm.</subfield>
            </datafield>
            <datafield tag="490" ind1="1" ind2=" ">
               <subfield code="a">Studies in African American history and culture</subfield>
            </datafield>
            <datafield tag="504" ind1=" " ind2=" ">
               <subfield code="a">Includes bibliographical references and index.</subfield>
            </datafield>
            <datafield tag="650" ind1=" " ind2="0">
               <subfield code="a">Slavery</subfield>
               <subfield code="z">Rhode Island</subfield>
               <subfield code="z">Narragansett Region</subfield>
               <subfield code="x">History</subfield>
               <subfield code="y">18th century.</subfield>
            </datafield>
            <datafield tag="650" ind1=" " ind2="0">
               <subfield code="a">Slavery</subfield>
               <subfield code="z">Rhode Island</subfield>
               <subfield code="z">Narragansett Region</subfield>
               <subfield code="x">Historiography.</subfield>
            </datafield>
            <datafield tag="650" ind1=" " ind2="0">
               <subfield code="a">Slaves</subfield>
               <subfield code="z">Rhode Island</subfield>
               <subfield code="z">Narragansett Region</subfield>
               <subfield code="x">Social conditions.</subfield>
            </datafield>
            <datafield tag="650" ind1=" " ind2="0">
               <subfield code="a">Slaveholders</subfield>
               <subfield code="z">Rhode Island</subfield>
               <subfield code="z">Narragansett Region</subfield>
               <subfield code="x">History</subfield>
               <subfield code="y">18th century.</subfield>
            </datafield>
            <datafield tag="650" ind1=" " ind2="0">
               <subfield code="a">African Americans</subfield>
               <subfield code="z">Rhode Island</subfield>
               <subfield code="z">Narragansett Region</subfield>
               <subfield code="x">History</subfield>
               <subfield code="y">18th century.</subfield>
            </datafield>
            <datafield tag="651" ind1=" " ind2="0">
               <subfield code="a">Narragansett Region (R.I.)</subfield>
               <subfield code="x">Race relations.</subfield>
            </datafield>
            <datafield tag="830" ind1=" " ind2="0">
               <subfield code="a">Studies in African American history and culture.</subfield>
            </datafield>
            <datafield tag="999" ind1=" " ind2=" ">
               <subfield code="a">F89.N2F58 1998</subfield>
               <subfield code="w">LC</subfield>
               <subfield code="c">1</subfield>
               <subfield code="i">000033488288</subfield>
               <subfield code="d">2/10/2012</subfield>
               <subfield code="e">11/17/2011</subfield>
               <subfield code="l">PATTEE-1A</subfield>
               <subfield code="m">UP-PAT</subfield>
               <subfield code="n">5</subfield>
               <subfield code="r">Y</subfield>
               <subfield code="s">Y</subfield>
               <subfield code="t">BOOK</subfield>
               <subfield code="u">4/13/2001</subfield>
            </datafield>
      </record>
    </metadata>
  </record>