
   <record> 
    <header>
      <identifier>oai:cat.libraries.psu.edu:1815918</identifier> 
      <datestamp>2022-12-16</datestamp>
      <setSpec>BOOK</setSpec> 
    </header>
    <metadata>
      <record xmlns="http://www.loc.gov/MARC21/slim" xsi:schemaLocation="http://www.loc.gov/MARC21/slim http://www.loc.gov/standards/marcxml/schema/MARC21slim.xsd" type="Bibliographic">
         <leader>     nam  22      a 4500</leader>
         <controlfield tag="008">930224t19911991xx af    bc   000 0 ger d</controlfield>
            <datafield tag="020" ind1=" " ind2=" ">
               <subfield code="a">380301039X</subfield>
            </datafield>
            <datafield tag="035" ind1=" " ind2=" ">
               <subfield code="a">LIAS1674841</subfield>
            </datafield>
            <datafield tag="035" ind1=" " ind2=" ">
               <subfield code="a">(OCoLC)30739536</subfield>
            </datafield>
            <datafield tag="050" ind1="1" ind2="4">
               <subfield code="a">NK7907.3</subfield>
               <subfield code="b">.O34 1991</subfield>
            </datafield>
            <datafield tag="100" ind1="1" ind2=" ">
               <subfield code="a">Oettel, Andreas.</subfield>
            </datafield>
            <datafield tag="245" ind1="1" ind2="0">
               <subfield code="a">Bronzen aus Boscoreale in Berlin /</subfield>
               <subfield code="c">Andreas Oettel.</subfield>
            </datafield>
            <datafield tag="264" ind1=" " ind2="1">
               <subfield code="a">[Berlin?] :</subfield>
               <subfield code="b">Antikenmuseum,</subfield>
               <subfield code="c">[1991]</subfield>
            </datafield>
            <datafield tag="264" ind1=" " ind2="4">
               <subfield code="c">©1991</subfield>
            </datafield>
            <datafield tag="300" ind1=" " ind2=" ">
               <subfield code="a">55 pages, 32 pages of plates :</subfield>
               <subfield code="b">illustrations ;</subfield>
               <subfield code="c">23 cm</subfield>
            </datafield>
            <datafield tag="500" ind1=" " ind2=" ">
               <subfield code="a">Catalog of the Boscoreale bronzes held in the collections of the Staatliche Museen zu Berlin, Preussischer Kulturbesitz--Cf. p. 9.</subfield>
            </datafield>
            <datafield tag="504" ind1=" " ind2=" ">
               <subfield code="a">Includes bibliographical references.</subfield>
            </datafield>
            <datafield tag="610" ind1="2" ind2="0">
               <subfield code="a">Staatliche Museen Preussischer Kulturbesitz</subfield>
               <subfield code="v">Catalogs.</subfield>
            </datafield>
            <datafield tag="650" ind1=" " ind2="0">
               <subfield code="a">Bronzes, Classical</subfield>
               <subfield code="z">Italy</subfield>
               <subfield code="z">Boscoreale</subfield>
               <subfield code="v">Catalogs.</subfield>
            </datafield>
            <datafield tag="650" ind1=" " ind2="0">
               <subfield code="a">Art, Greco-Roman</subfield>
               <subfield code="z">Italy</subfield>
               <subfield code="z">Boscoreale</subfield>
               <subfield code="v">Catalogs.</subfield>
            </datafield>
            <datafield tag="650" ind1=" " ind2="0">
               <subfield code="a">Bronzes</subfield>
               <subfield code="z">Germany</subfield>
               <subfield code="z">Berlin</subfield>
               <subfield code="v">Catalogs.</subfield>
            </datafield>
            <datafield tag="651" ind1=" " ind2="0">
               <subfield code="a">Boscoreale (Italy)</subfield>
               <subfield code="x">Antiquities</subfield>
               <subfield code="v">Catalogs.</subfield>
            </datafield>
            <datafield tag="710" ind1="2" ind2=" ">
               <subfield code="a">Antikenmuseum (Berlin, Germany)</subfield>
            </datafield>
            <datafield tag="999" ind1=" " ind2=" ">
               <subfield code="a">NK7907.3.O34 1991</subfield>
               <subfield code="w">LC</subfield>
               <subfield code="c">1</subfield>
               <subfield code="i">000020668815</subfield>
               <subfield code="d">2/24/1993</subfield>
               <subfield code="e">3/30/1993</subfield>
               <subfield code="l">PATTEE-2</subfield>
               <subfield code="m">UP-PAT</subfield>
               <subfield code="r">Y</subfield>
               <subfield code="s">Y</subfield>
               <subfield code="t">BOOK</subfield>
               <subfield code="u">4/13/2001</subfield>
            </datafield>
      </record>
    </metadata>
  </record>