
   <record> 
    <header>
      <identifier>oai:cat.libraries.psu.edu:181592</identifier> 
      <datestamp>2022-12-16</datestamp>
      <setSpec>BOOK</setSpec> 
    </header>
    <metadata>
      <record xmlns="http://www.loc.gov/MARC21/slim" xsi:schemaLocation="http://www.loc.gov/MARC21/slim http://www.loc.gov/standards/marcxml/schema/MARC21slim.xsd" type="Bibliographic">
         <controlfield tag="008">760920s1645    xx            000 0 ita d</controlfield>
            <datafield tag="035" ind1=" " ind2=" ">
               <subfield code="a">LIAS264816</subfield>
            </datafield>
            <datafield tag="035" ind1=" " ind2=" ">
               <subfield code="a">(OCoLC)316839067</subfield>
            </datafield>
            <datafield tag="100" ind1="1" ind2=" ">
               <subfield code="a">Campi, Antonio,</subfield>
               <subfield code="d">active 1580.</subfield>
            </datafield>
            <datafield tag="245" ind1="1" ind2="0">
               <subfield code="a">Cremona fedelissima citta, et nobilissima colonia de Romani :</subfield>
               <subfield code="b">rappresentata in desegno col svo contato, et illvstrata d'vna breve historia delle cose piv notabili appartenenti as essa, et dei ritratti natvrali de dvchi, et dvchesse di Milano, e compendio delle lor vite /</subfield>
               <subfield code="c">da Antonio Campo.</subfield>
            </datafield>
            <datafield tag="264" ind1=" " ind2="1">
               <subfield code="a">Milano :</subfield>
               <subfield code="b">Battista Bidelli,</subfield>
               <subfield code="c">1645.</subfield>
            </datafield>
            <datafield tag="300" ind1=" " ind2=" ">
               <subfield code="a">2 volumes in 1 :</subfield>
               <subfield code="b">folded illustrations, portraits, maps ;</subfield>
               <subfield code="c">28 cm</subfield>
            </datafield>
            <datafield tag="500" ind1=" " ind2=" ">
               <subfield code="a">Includes index.</subfield>
            </datafield>
            <datafield tag="500" ind1=" " ind2=" ">
               <subfield code="a">Engravings by Agostino Carracci, after designs by Campi.</subfield>
            </datafield>
            <datafield tag="500" ind1=" " ind2=" ">
               <subfield code="a">Engraved title-page.</subfield>
            </datafield>
            <datafield tag="500" ind1=" " ind2=" ">
               <subfield code="a">V.2 has separate title-page: Historia delle vite de dvchi, et dvchesse di Milano, con loro veri ritratti cauati al naturale. Compendiosamente descritte da Antonio Campo. Che è in ordine quarto libro della sua historia di Cremona. Milano : F. Ghisolfi, 1642.</subfield>
            </datafield>
            <datafield tag="650" ind1=" " ind2="0">
               <subfield code="a">Nobility</subfield>
               <subfield code="z">Italy</subfield>
               <subfield code="z">Milan</subfield>
               <subfield code="v">Early works to 1800.</subfield>
            </datafield>
            <datafield tag="651" ind1=" " ind2="0">
               <subfield code="a">Cremona (Italy)</subfield>
               <subfield code="x">History</subfield>
               <subfield code="v">Early works to 1800.</subfield>
            </datafield>
            <datafield tag="651" ind1=" " ind2="0">
               <subfield code="a">Milan (Italy)</subfield>
               <subfield code="v">Biography</subfield>
               <subfield code="v">Portraits</subfield>
               <subfield code="v">Early works to 1800.</subfield>
            </datafield>
            <datafield tag="651" ind1=" " ind2="0">
               <subfield code="a">Cremona (Italy)</subfield>
               <subfield code="v">Biography</subfield>
               <subfield code="v">Portraits</subfield>
               <subfield code="v">Early works to 1800.</subfield>
            </datafield>
            <datafield tag="700" ind1="1" ind2=" ">
               <subfield code="a">Carracci, Agostino,</subfield>
               <subfield code="d">1557-1602.</subfield>
            </datafield>
            <datafield tag="740" ind1="0" ind2=" ">
               <subfield code="a">Historia delle vite de dvchi, et dvchesse di Milano.</subfield>
            </datafield>
            <datafield tag="999" ind1=" " ind2=" ">
               <subfield code="a">DG975.C8C45 1645</subfield>
               <subfield code="w">LC</subfield>
               <subfield code="c">1</subfield>
               <subfield code="i">000012077502</subfield>
               <subfield code="d">11/17/1999</subfield>
               <subfield code="e">10/2/1986</subfield>
               <subfield code="l">ART-ARCHIT</subfield>
               <subfield code="m">UP-SPECCOL</subfield>
               <subfield code="r">Y</subfield>
               <subfield code="s">Y</subfield>
               <subfield code="t">BOOK</subfield>
               <subfield code="u">4/12/2001</subfield>
            </datafield>
      </record>
    </metadata>
  </record>
 <resumptionToken completeListSize="3659107">75948_aaeta</resumptionToken>
 </ListRecords>
</OAI-PMH>

